2648 4214
110 309 161 355 ss.
177 311 201 370 s]
404 313 593 361 umnouvs
618 313 668 360 os
693 312 936 362 ouxromuvs.
1139 277 1141 282 ⁷
1178 311 1210 361 59

112 480 279 562 longeque
296 480 459 543 interesse
476 481 692 544 manifestum
710 491 771 556 est,
791 481 960 563 possideat
983 480 1059 562 quis
1075 499 1160 562 quae

112 589 239 670 proiert
265 609 307 651 an
332 598 513 654 mutuetur.
573 588 706 652 Deinde
731 589 803 670 ipsa
830 588 1009 652 multarum
1038 588 1159 651 artium
1194 609 1209 659 3

113 696 254 760 scientia
271 697 371 759 etiam
389 696 477 759 aliud
494 688 634 778 agentes
652 718 714 760 nos
726 706 822 760 ornat
836 705 936 779 atque
950 696 1007 760 ubi
1023 696 1160 759 minime

112 806 228 868 credas
255 805 380 867 eminet
408 815 440 868 et
468 804 611 880 excellit,
640 805 739 887 idque
768 826 835 868 non
860 806 978 868 doetus
1002 805 1100 867 modo
1126 815 1159 868 et
1212 795 1215 801 ’

113 914 259 994 prudens
276 913 415 988 auditor,
436 915 495 976 sed
517 914 619 976 etiam
637 913 780 995 populus
802 913 969 996 intellegit
991 913 1160 976 aestatim

114 1021 159 1083 ita
191 1020 288 1084 laude
321 1022 535 1103 prosequitur
567 1030 603 1084 ut
636 1022 786 1104 legitime
819 1022 998 1097 studuisse,
1033 1029 1069 1083 ut
1102 1041 1161 1102 per

113 1149 230 1192 omnes
251 1129 463 1211 eloquentiae
486 1151 642 1193 numeros
668 1131 744 1206 isse,
767 1141 804 1193 ut
828 1130 972 1212 denique
994 1139 1159 1192 oratorem

114 1257 188 1299 esse
220 1237 387 1314 fateatur3
423 1259 522 1320 quem
553 1260 619 1301 non
649 1259 749 1319 posse
777 1239 878 1302 alium
907 1239 1070 1302 exsistere
1098 1257 1160 1301 nec
1195 1258 1209 1303 4

114 1345 284 1408 exstitisse
306 1367 463 1428 umquam
487 1348 647 1410 confirmo
671 1347 735 1410 nisi
757 1367 833 1409 eum
851 1347 916 1429 qui,
936 1355 1105 1428 tamquam
1126 1345 1160 1407 in

113 1452 217 1516 aciem
244 1455 398 1517 omnibus
418 1455 520 1518 armis
542 1456 735 1531 instructus,
760 1455 807 1520 sic
826 1456 860 1517 in
879 1455 989 1518 iorum
1007 1453 1161 1517 omnibus

113 1561 241 1624 artibus
274 1573 421 1625 armatus
454 1563 581 1628 exierit.
648 1564 746 1646 Quod
778 1565 861 1626 adeo
898 1562 1088 1645 neglegitur
1119 1563 1160 1624 ab
1197 1582 1210 1633 5

114 1668 232 1732 horum
250 1681 437 1751 temporum
456 1671 590 1734 disertis
608 1680 644 1734 ut
670 1672 704 1733 in
721 1672 910 1735 actionibus
931 1692 1044 1734 eorum
1063 1670 1161 1733 huius

114 1799 246 1860 quoque
271 1778 446 1843 cottidiani
471 1780 635 1842 sermonis
660 1779 759 1843 foeda
781 1801 819 1842 ac
841 1780 996 1861 pudenda
1012 1778 1093 1840 vitia
1109 1778 1162 1841 de-

114 1851 745 1969 prehendffifffflleges,
769 1909 835 1950 non
861 1897 999 1950 teneant
1024 1896 1161 1950 senatus

114 1993 276 2070 consulta,
284 1994 335 2057 ius
347 2016 427 2058 suae
441 1995 586 2058 civitatis
598 1996 686 2058 ultro
697 1996 880 2070 derideant,
889 1995 1073 2077 sapientiae
1083 2014 1161 2058 vero

114 2102 261 2165 studium
285 2111 318 2166 et
341 2114 520 2186 praecepta
540 2104 755 2185 prudentium
776 2104 910 2185 penitus
932 2103 1158 2167 reformident.

116 2211 155 2272 In
173 2211 392 2293 paucissimos
411 2232 530 2275 sensus
548 2222 580 2274 et
598 2222 760 2294 angustas
774 2212 960 2275 sententias
978 2212 1160 2274 detrudunt
1196 2227 1212 2276 6

115 2317 339 2400 eloquentiam
363 2319 454 2382 velut
480 2319 651 2402 expulsam
677 2340 781 2402 regno
806 2340 877 2396 suo,
903 2330 940 2383 ut
972 2340 1057 2402 quae
1083 2318 1160 2382 olim
1255 2333 1257 2339 '

114 2427 264 2489 omnium
290 2428 410 2490 artium
437 2428 572 2490 domina
594 2427 818 2510 pulcherrimo
845 2428 1005 2491 comitatu
1028 2436 1163 2508 pectora

115 2533 284 2615 implebat,
305 2555 394 2598 nunc
415 2535 612 2599 circumcisa
633 2544 666 2598 et
688 2546 871 2618 amputata,
894 2536 967 2599 sine
989 2545 1159 2617 apparatu,

114 2642 188 2704 sine
210 2643 345 2716 honore,
364 2664 471 2725 paene
493 2644 630 2707 dixerim
655 2645 727 2706 sine
748 2644 967 2726 ingenuitate,
985 2643 1080 2726 quasi
1097 2664 1162 2705 una

140 2829 171 2873 a.
191 2816 440 2879 longeinteresse:
461 2819 612 2867 anunusual
663 2835 710 2882 que
732 2819 847 2867 omnibus
869 2819 923 2866 suis
950 2819 1064 2882 numeris
1088 2826 1162 2880 atque

113 2881 236 2939 locution,
245 2882 312 2930 after
322 2883 366 2931 the
378 2884 489 2949 analogy
502 2884 531 2932 of
542 2887 613 2948 longe
658 2887 784 2946 portibus.
792 2913 826 2920 —
835 2885 967 2948 denique,
978 2887 1006 2931 in
1017 2901 1033 2932 a
1045 2885 1163 2932 word—

112 2949 198 2996 abesse.
242 2948 299 2997 The
321 2950 395 2998 usual
418 2951 570 3013 expression
590 2952 612 3000 is

113 3017 223 3062 multum
239 3031 269 3064 or
281 3017 430 3077 plurimum
444 3019 567 3066 interesse.

146 3095 170 3142 3.
195 3082 272 3131 aliud
296 3091 417 3145 agentes
438 3098 492 3132 nos
513 3092 609 3133 ornat:

112 3161 148 3203 as,
165 3148 207 3195 for
225 3150 350 3211 example,
369 3149 443 3198 when
461 3166 499 3198 we
516 3151 612 3214 mingle

112 3214 219 3279 socially
227 3215 289 3263 with
302 3215 391 3264 others
397 3234 404 3276 3
423 3215 455 3264 cf.
465 3217 519 3266 Cic.
527 3219 557 3266 dc
567 3218 611 3266 Or.

113 3280 134 3328 I.
147 3293 178 3341 72
192 3284 317 3330 neminem
330 3299 380 3330 esse
389 3286 417 3331 in
427 3290 555 3331 oratorum
567 3301 612 3331 nu·

112 3363 182 3395 mero
190 3349 332 3397 habendum
343 3352 389 3413 qui
398 3367 448 3397 non
457 3352 492 3397 sit
497 3352 612 3397 omnihus

112 3415 147 3460 eis
158 3417 263 3473 artibus,
277 3433 341 3479 quae
352 3424 413 3464 sunt
423 3418 501 3464 libero
514 3418 611 3478 dignae,

108 3483 453 3543 perpolitus-studuisse:
468 3481 531 3531 used
539 3482 613 3531 abso-

112 3546 200 3612 lutely‚
214 3549 281 3597 asin
296 3563 333 3596 21.
349 3563 386 3613 13.
396 3579 430 3586 -
442 3563 493 3613 per
510 3563 612 3598 omnes

113 3626 249 3663 numeros
280 3615 348 3673 isse,
377 3623 401 3663 to
429 3617 493 3664 have
521 3616 617 3678 passed

112 3680 222 3742 through
243 3682 283 3728 all
301 3683 342 3729 the
361 3690 446 3745 stages.
490 3683 542 3731 For
563 3681 614 3730 this

113 3760 160 3795 use
180 3745 210 3794 of
230 3747 353 3796 numerus
372 3748 404 3796 cf.
424 3749 477 3797 Cic.
496 3751 558 3798 Nat,
578 3750 613 3795 D.

114 3811 151 3862 ΙΙ.
170 3825 199 3878 37
222 3815 335 3864 mundus
349 3816 477 3880 perfectus
492 3817 614 3878 expletus-

663 2959 815 3009 oratorem,
824 2967 839 2998 a
849 2958 1004 3007 tmcorator,
1013 2950 1076 2999 asin
1088 2963 1125 3014 15·
1141 2965 1161 2998 1.

697 3031 721 3080 5.
740 3017 866 3075 disertis,
876 3018 1000 3079 speakers,
1010 3017 1042 3065 cf.
1055 3031 1075 3064 1.
1084 3031 1161 3064 sn.-

663 3085 786 3133 huius:
796 3084 884 3140 nostri,
896 3099 925 3132 as
938 3084 963 3131 in
976 3097 999 3144 7.
1009 3097 1032 3143 4.
1040 3097 1162 3146 —prae-

664 3158 747 3214 cepta
760 3150 945 3214 prudentium
958 3150 1086 3213 penitus:
1099 3149 1163 3197 allit-

663 3217 770 3265 eration.

696 3286 720 3331 6.
743 3297 857 3342 sensus,
866 3285 1163 3345 commonstrans—an-

663 3357 765 3413 gustas
790 3349 960 3408 sententias,
984 3365 1083 3411 meagrc
1110 3366 1163 3396 sen-

663 3425 747 3465 tences.
757 3417 952 3466 —comitatus
973 3416 1020 3463 viz.
1033 3415 1062 3463 of
1073 3416 1106 3463 all
1119 3414 1163 3463 hh

664 3483 1006 3532 natasse-circumcisa
1020 3489 1047 3530 et
1060 3495 1162 3546 ampu-

664 3557 734 3598 tata:
749 3557 829 3598 terms
838 3548 1049 3598 borrowedfrom
1057 3547 1163 3612 garden-

663 3616 709 3678 ing
723 3615 776 3664 and
790 3614 1163 3679 vine-dressing.—ingenui·

665 3689 733 3740 tate,
744 3683 785 3730 the
793 3684 891 3746 digni&
900 3683 989 3746 ossrce
1000 3683 1076 3730 birth.
1105 3680 1163 3729 The

665 3747 736 3797 word
745 3749 767 3797 is
777 3763 839 3805 sare,
848 3747 900 3796 and
908 3748 931 3797 is
941 3747 1005 3797 used
1014 3747 1047 3813 by
1056 3748 1163 3796 Tacitus

665 3814 691 3863 in
699 3814 760 3881 only
768 3830 818 3863 one
826 3814 902 3863 other
910 3828 1028 3878 passage,
1036 3814 1083 3862 viz.
1092 3816 1162 3862 Ann.
