2648 4214
92 313 143 360 -38,
158 305 182 365 3]
378 303 568 354 DIALOGVS
592 304 643 354 DE
668 303 913 353 ORATORIBVS.
1158 304 1187 356 71
1220 345 1225 355 .

93 472 266 536 hominum
291 471 371 555 agit,
389 491 530 554 quorum
556 490 595 534 ea
614 479 733 534 natura
757 478 808 534 est
834 479 870 533 ut
889 490 1006 535 secura
1021 471 1135 548 velint,

93 580 281 663 periculosa
305 578 475 643 extollant.
1120 596 1163 659 -y

139 690 291 752 Transeo
313 690 354 751 ad
373 687 514 751 formam
537 697 571 751 et
594 686 871 752 consuetudinem
889 698 1040 751 veterum
1058 689 1137 752 iudi·
1150 696 1187 762 38

94 797 230 863 ciorum.
286 798 382 881 Quae
410 797 476 860 etsi
503 817 592 861 nunc
621 797 730 878 aptior
754 797 895 873 exsistit,
914 798 1138 880 eloquentiam
1196 867 1198 872 ,

93 917 207 972 tamen
230 909 310 995 illud
330 909 439 971 lorum
465 907 572 990 magis
597 909 782 984 exercebat,
802 908 835 970 in
853 930 918 991 quo
935 929 1033 972 nemo
1052 908 1140 972 intra

93 1019 313 1101 paucissimas
336 1020 434 1082 horas
460 1039 613 1100 perorare
641 1020 823 1100 cogebatur
847 1028 881 1081 et
906 1018 1029 1082 liberae
1053 1039 1138 1083 com-

94 1127 389 1222 perendinationes
407 1136 501 1190 erant
516 1136 548 1190 et
566 1128 701 1190 modum
715 1127 749 1189 in
763 1127 904 1190 dicendo
917 1127 981 1190 sibi
998 1126 1139 1209 quisque

95 1237 248 1299 sumebat
273 1244 307 1298 et
332 1256 491 1299 numerus
517 1256 630 1318 neque<
647 1236 775 1299 dierum
795 1255 903 1317 neque
923 1245 1138 1317 patronorum

94 1344 280 1408 finiebatur.
324 1344 453 1407 Primus
471 1344 552 1408 haec
569 1344 669 1407 tertio
687 1344 863 1407 consulatu
881 1343 942 1407 Cn.
962 1343 1138 1424 Pompeius
1174 1373 1187 1407 2

93 1452 270 1516 adstrinxit
304 1452 529 1535 imposuitque
557 1452 662 1515 veluti
692 1453 805 1516 frenos
838 1451 1059 1533 eloquentiae,
1093 1451 1140 1514 ita

94 1571 207 1623 tamen
232 1570 269 1624 ut
294 1560 406 1623 omnia
430 1560 464 1622 in
488 1561 570 1636 loro,
601 1560 712 1623 omnia
740 1559 880 1641 legibus,
911 1559 1023 1622 omnia
1051 1561 1138 1641 apud

94 1677 265 1750 praetores
282 1678 478 1750 gererentur
493 1689 500 1744 ;
522 1669 610 1749 apud
627 1689 710 1750 quos
723 1677 848 1750 quanto
865 1668 990 1755 maiora
1002 1669 1139 1749 negotia
1173 1690 1188 1740 3

95 1776 174 1839 olim
197 1766 351 1841 exerceri
368 1775 466 1839 solita
490 1776 568 1852 sint,
587 1777 676 1858 quod
697 1775 803 1838 maius
829 1785 1063 1858 argumentum
1087 1788 1138 1839 est

95 1906 194 1967 quam
219 1885 308 1967 quod
333 1905 453 1948 causae
477 1883 744 1959 centumvirales,
771 1904 855 1966 quae
881 1904 970 1947 nunc
995 1884 1137 1966 primum

95 1993 249 2055 obtinent
281 1992 401 2068 locum,
436 1993 518 2055 adeo
551 1992 728 2073 splendore
765 1991 904 2055 aliorum
943 1992 1138 2055 iudiciorum

95 2101 330 2176 obruebantur,
349 2111 386 2162 ut
407 2121 517 2183 neque
534 2100 706 2163 Ciceronis
728 2120 837 2182 neque
855 2099 1007 2163 Caesaris
1029 2121 1139 2183 neque

53 2191 55 2195 ’
82 2208 190 2271 'Bruti
222 2228 331 2291 neque
353 2197 466 2271 'Caelii
494 2228 602 2290 neque
629 2208 733 2283 Calvi,
764 2228 830 2270 non
863 2208 1007 2290 denique
1039 2208 1139 2272 ullius
1198 2199 1200 2202 ⁵

14 2407 16 2411 '
95 2399 174 2462 agite
208 2398 319 2463 literally
340 2400 396 2447 does
426 2400 470 2447 she
497 2407 594 2461 appear
643 2401 698 2448 also
711 2399 846 2448 restricted
864 2399 908 2447 the
925 2398 1035 2448 number
1052 2400 1081 2448 of
1093 2409 1140 2464 pa·

96 2465 167 2529 (live)
181 2467 210 2513 in
227 2466 269 2514 the
285 2466 386 2514 mouths
403 2466 436 2530 of
443 2482 508 2523 men,
520 2468 557 2513 sle.
570 2466 592 2515 is
643 2466 797 2515 troni-in
820 2466 900 2515 foro:
917 2482 946 2515 as
970 2467 1088 2529 opposed
1111 2476 1139 2516 to

94 2531 194 2595 spoken
207 2531 236 2580 of
246 2531 280 2596 by
291 2547 359 2580 men.
473 2547 477 2564 ³
642 2535 771 2582 auditoria
800 2541 824 2580 et
850 2533 985 2591 tabularia,
1010 2547 1049 2597 39.
1075 2548 1140 2582 2.—

127 2595 173 2655 38.
198 2612 286 2662 quae:
304 2601 342 2646 ie.
350 2599 441 2663 forma
456 2606 481 2647 ct
496 2615 594 2648 consue·
642 2599 771 2663 legibus:
789 2599 823 2648 cf.
845 2613 881 2662 19.
900 2599 916 2648 6
933 2601 960 2648 vi
976 2607 1001 2648 et
1013 2607 1138 2663 potestate,

95 2666 155 2713 tudo
177 2667 440 2722 iudiciorum—not
455 2667 547 2730 forma
570 2673 595 2715 et
642 2683 693 2714 non
713 2669 770 2714 iure
789 2673 813 2713 et
831 2667 925 2728 legibus
945 2674 1141 2729 cognoscunt.-

94 2733 243 2781 consuctudo
260 2740 370 2779 veterum
390 2733 594 2780 iudiciorum.—
643 2733 719 2797 apud
739 2741 905 2796 praetores:
923 2748 952 2781 as
973 2734 1092 2796 opposed
1111 2742 1139 2783 to

95 2798 429 2863 comperendinationes:
447 2800 592 2861 apost-Au·
641 2801 670 2847 s'n
681 2807 769 2846 senatu
781 2801 833 2846 sive
843 2801 1072 2861 apudprs'nciptm,
1085 2814 1105 2864 5.
1115 2800 1139 2850 6.

94 2873 187 2927 gustan
200 2863 278 2913 word.
286 2893 320 2901 —
329 2865 447 2914 modum
458 2865 487 2914 in
497 2865 592 2914 dicen·
675 2881 699 2926 3.
716 2866 792 2929 apud
809 2880 891 2928 quos,
900 2873 957 2923 ete,
966 2867 1142 2933 whatgreater

95 2932 150 2980 do:
168 2931 200 2980 cf.
220 2931 274 2980 Cic.
292 2933 322 2980 de
338 2934 400 2993 Rep.
420 2932 456 2979 ΙΙ.
472 2945 482 2979 1
503 2934 592 2980 modus
642 2933 754 2996 protasis
765 2933 835 2981 there
850 2933 907 2980 how
924 2934 999 2980 nisscls
1014 2932 1083 2981 ruore
1094 2936 1141 2982 im-

94 2999 123 3045 in
141 2999 439 3047 dicenda—numerus
460 3006 592 3062 patrono·
642 3005 751 3061 portant
766 2999 878 3047 business
895 3000 959 3047 used
973 3007 998 3047 to
1014 3000 1041 3048 be
1058 3007 1141 3048 trans-

94 3079 172 3114 rum:
197 3063 310 3113 towards
333 3064 377 3113 the
402 3064 473 3113 close
495 3064 525 3112 of
547 3064 592 3113 the
641 3066 717 3122 acted
739 3065 960 3115 etc.?-causae
982 3067 1141 3115 centumvi-

95 3130 222 3194 Republic
244 3131 396 3180 sometimes
415 3147 445 3180 as
465 3145 543 3195 many
563 3146 592 3179 as
642 3131 736 3180 rales:
754 3133 791 3180 sle.
814 3147 886 3181 cases
909 3132 1000 3180 before
1024 3132 1067 3181 the
1087 3150 1140 3181 cen-

94 3197 185 3245 twelve
196 3197 289 3246 served
301 3198 326 3246 in
345 3196 390 3246 the
401 3213 473 3247 same
485 3213 592 3246 case-
641 3200 752 3246 tumviri
758 3214 769 3255 ,·
787 3214 831 3247 see
842 3211 865 3260 7.
881 3213 962 3247 1n.-
971 3213 1044 3261 quae
1063 3213 1139 3248 nunc

94 3263 259 3313 finiebatur:
277 3263 320 3312 for
333 3265 540 3327 definiebam,—
547 3263 591 3312 the
642 3265 767 3327 primum
777 3266 907 3314 obtinent
916 3265 1023 3314 locum:
1038 3266 1141 3328 Augus·

94 3329 186 3392 simple
206 3329 271 3382 verh
291 3330 334 3379 for
356 3330 401 3379 the
425 3329 591 3394 compound;
643 3338 685 3379 tus
707 3347 772 3393 gave
801 3331 845 3380 the
872 3331 1042 3380 centumviral
1065 3339 1140 3380 court

94 3411 138 3451 see
152 3409 190 3458 17.
202 3411 250 3457 411.
642 3397 737 3460 special
749 3399 916 3460 prominente
925 3398 959 3464 by
968 3398 1099 3461 assignirig
1111 3406 1139 3446 to

127 3476 151 3511 2.
173 3463 257 3512 tertio
275 3463 441 3512 consulatu:
458 3464 495 3511 ia.
508 3462 534 3510 in
547 3462 592 3510 the
642 3462 662 3512 it
676 3465 805 3514 exclusive
823 3465 986 3530 jurisdiction
1004 3465 1030 3512 in
1043 3465 1138 3513 certain

94 3544 154 3593 year
173 3541 202 3593 5²
216 3542 274 3586 nc,
293 3529 367 3588 when
387 3530 509 3594 Pompey‚
529 3528 591 3577 then
643 3538 758 3589 matters,
792 3533 958 3596 particularly
997 3547 1070 3580 cases
1111 3531 1140 3579 of

94 3596 150 3644 sole
168 3596 267 3653 consul,
286 3594 393 3644 secured
414 3596 459 3644 the
481 3611 592 3659 passage
643 3596 764 3660 disputed
807 3599 1020 3647 inherstance-
1037 3599 1140 3647 obrue·

94 3660 123 3710 of
139 3676 156 3709 a
172 3661 221 3710 law
236 3662 347 3725 limiting
364 3662 408 3710 the
421 3663 484 3710 time
501 3663 530 3710 of
548 3663 591 3712 the
643 3665 754 3722 bantur,
774 3681 839 3712 were
858 3665 1096 3712 avershadowed.—
1108 3671 1139 3712 ut

94 3742 201 3776 accuser
224 3735 253 3776 to
277 3736 329 3776 two
352 3728 433 3777 hours
458 3727 510 3776 and
534 3728 592 3778 that
642 3744 700 3778 non
714 3763 720 3777 .
735 3764 741 3777 .
756 3764 762 3778 .
775 3731 846 3779 liber
858 3731 952 3779 dictus
967 3729 1089 3792 legatur,
1105 3733 1141 3791 (so

94 3793 123 3842 oi
153 3793 197 3843 the
226 3793 337 3844 accused
365 3802 393 3843 to
423 3794 504 3844 three.
548 3795 592 3844 He
643 3797 848 3858 avershadowed)
861 3797 964 3844 thatwe
980 3797 1011 3846 do
1024 3796 1143 3846 notread
