2648 4214
116 305 149 358 36
465 306 492 354 Ρ.
514 305 694 354 CORNELII
719 307 847 355 TACITI

1122 302 1167 362 ΙΝ·
1183 316 1215 360 4-

166 472 410 556 philosophiam
442 471 611 535 videretur
642 482 742 554 atque
775 493 819 558 ext
846 493 885 535 ea
921 473 1029 536 locum
1066 471 1210 554 aliquem
1281 536 1284 540 ,

166 580 308 644 orationi
333 601 413 644 suae
438 580 609 656 insereret,
637 581 671 644 in
696 582 824 644 caelum
849 580 1002 644 laudibus
1027 579 1208 643 ferebatur.

119 711 132 762 5
168 690 240 753 Nec
267 688 409 765 mirum;
442 698 535 751 erant
564 688 652 751 enim
681 688 763 752 haec
792 710 878 752 nova
906 698 940 751 et
970 688 1148 771 incognita,
1176 698 1210 751 et

167 797 314 879 ipsorum
326 817 458 879 quoque
468 807 635 860 oratorum
647 797 838 880 paucissimi
853 808 1029 880 praecepta
1039 798 1209 860 rhetorum
1255 796 1265 813 “

118 913 134 963 6
168 914 224 968 aut
250 905 523 988 philosophorum
552 906 673 988 placita
701 915 936 988 cognoverant.
998 905 1046 968 At
1075 905 1211 968 hercule

169 1014 373 1096 pervulgatis
391 1014 455 1077 iam
473 1014 638 1089 omnibus
657 1035 731 1078 cum
753 1014 806 1076 vix
826 1014 858 1076 in
883 1013 1011 1077 cortina
1034 1013 1209 1104 quisquam

168 1122 308 1184 adsistat
331 1122 411 1204 quin
434 1121 609 1184 elementis
630 1122 816 1184 studiorum
837 1121 901 1188 etsi
924 1142 989 1184 non
1014 1121 1209 1195 instructus,

168 1238 202 1291 at
231 1238 321 1292 certe
350 1229 498 1293 imbutus
526 1229 578 1305 sit,
607 1230 701 1292 novis
731 1240 764 1292 et
798 1229 971 1311 exquisitis
1001 1229 1211 1311 eloquentiae

169 1336 344 1400 itineribus
369 1338 452 1418 opus
478 1347 539 1413 est,
558 1357 617 1418 per
641 1331 725 1425 quae
750 1346 860 1408 orator
884 1336 1057 1399 fastidium
1081 1335 1210 1425 aurium

169 1444 460 1540 effugiatqutique
485 1446 658 1527 apud-eos
680 1444 806 1507 iudices
831 1444 887 1526 qui
912 1444 945 1513 vi
970 1452 1003 1506 et
1032 1453 1209 1529 potestate,

169 1573 237 1614 non
255 1552 325 1615 iure
348 1561 381 1615 et
404 1552 535 1633 legibus
553 1538 760 1634 cognoscunt
782 1573 844 1614 nec
865 1552 1209 1633 accipiunttempora,

170 1660 228 1722 sed
257 1660 477 1735 constituunt,
505 1681 567 1723 nec
594 1658 854 1742 exspectandum
883 1660 1006 1736 habent
1036 1669 1209 1734 oratorem,

169 1767 248 1829 dum
269 1767 315 1829 illi
338 1751 440 1855 libeat
462 1768 504 1830 de
526 1767 598 1850 ipso
622 1767 757 1849 negotio
780 1753 899 1841 dicere,
920 1769 978 1829 sed
1001 1787 1099 1850 saepe
1120 1767 1212 1843 ,ultro

169 1876 351 1937 admonent
368 1871 469 1958 atque
486 1875 550 1938 alio
566 1875 871 1957 transgredientem
891 1856 1047 1958 revocant
1068 1884 1100 1936 et
1121 1875 1213 1936 festi-

121 1981 158 2045 20
171 2002 250 2045 nare
267 2002 303 2045 se
320 1990 497 2047 testantur.
548 1983 634 2066 Quis
655 2003 744 2045 nunc
766 1983 851 2045 feret
873 1992 1037 2044 oratorem
1061 1983 1101 2044 de
1126 1983 1213 2045 infir-

170 2089 286 2152 mitate
314 2090 514 2153 valetudinis
544 2111 623 2153 suae
652 2089 868 2172 praesentem,
897 2089 1007 2171 qualia
1035 2099 1113 2152 sunt
1143 2090 1213 2152 fere

171 2197 332 2279 principia
360 2197 519 2260 Corvini?
577 2198 661 2280 Quis
694 2198 840 2279 quinque
873 2197 905 2258 in
938 2198 1078 2259 Verrem
1111 2197 1213 2260 libros

170 2358 231 2406 here
249 2358 275 2406 in
289 2357 341 2406 this
360 2357 602 2407 sense—locum:
621 2360 665 2421 (sc.

170 2424 346 2486 communem),
374 2426 563 2485 commanplace.
607 2425 669 2472 Loci

170 2506 313 2538 communes
330 2505 373 2538 are
390 2504 514 2553 passages
530 2490 613 2545 which
631 2490 666 2538 do

170 2564 217 2605 not
235 2555 293 2604 deal
309 2556 369 2604 with
387 2564 537 2619 arguments
554 2557 667 2619 peculiar

170 2630 198 2672 to
211 2638 243 2671 an
258 2621 401 2670 individual
419 2638 486 2680 case,
507 2623 554 2671 but
575 2638 618 2672 are
638 2623 667 2671 of

170 2691 273 2753 general
297 2689 470 2753 application;
506 2689 538 2737 cf.
560 2690 614 2738 Cic.
637 2692 667 2738 de

170 2757 229 2804 lna.
249 2757 284 2804 Il.
305 2770 335 2816 47
351 2764 417 2818 pars
437 2758 665 2819 (argumentorum)

169 2829 207 2870 est
227 2825 393 2885 pervagatior
414 2830 438 2870 et
459 2830 506 2870 aut
527 2825 556 2870 in
585 2825 668 2871 amnis

170 2890 278 2937 eiusdem
300 2891 402 2951 generis
419 2891 510 2937 autin
530 2891 668 2953 plerasque

170 2971 259 3003 causas
287 2958 473 3004 accommodata
480 2971 491 3013 ;
521 2956 581 3004 haee
610 2973 668 3018 ergo

170 3029 329 3084 argumenta,
365 3039 430 3085 quae
465 3023 606 3086 transferri
638 3024 666 3069 in

171 3090 266 3135 multas
282 3105 372 3136 causas
387 3096 501 3150 possunt,
522 3091 585 3136 locas
605 3105 666 3136 com-

171 3157 258 3202 munis
280 3157 445 3202 nominamus
453 3171 464 3212 ;
490 3156 520 3202 de
545 3156 589 3203 Or.
614 3154 666 3202 111.

173 3234 217 3280 107
231 3238 236 3278 ;
256 3220 344 3280 Quint.
359 3221 395 3268 Il.
411 3234 431 3268 1.
444 3234 467 3283 9.

204 3301 228 3348 5.
247 3288 334 3335 haec:
347 3289 384 3334 i.e.
397 3286 441 3335 the
456 3287 558 3335 various
572 3287 667 3335 rhetor·

170 3353 391 3402 icalrefinements
401 3353 484 3401 above
492 3351 667 3401 enumerated.

204 3422 228 3466 6.
254 3420 378 3467 cortina:
401 3420 438 3467 lit.
460 3436 476 3467 a
497 3421 581 3476 venel,
602 3420 668 3468 raul-

87 3498 89 3502 ‘
170 3487 244 3542 dran,
254 3485 316 3533 here
326 3487 477 3550 apparently
485 3485 548 3535 used
558 3486 587 3533 of
595 3500 669 3534 some

171 3553 245 3615 place
268 3553 353 3601 where
383 3552 427 3600 the
450 3552 553 3616 general
582 3551 669 3614 public

172 3618 296 3680 gathered
314 3627 341 3667 to
357 3619 460 3668 witness
473 3619 553 3667 trials.
590 3617 669 3666 Some

173 3684 239 3732 refer
259 3686 280 3733 it
301 3693 329 3734 to
348 3685 392 3734 the
413 3685 508 3734 curved
528 3700 590 3748 apse
608 3684 636 3732 of
653 3699 670 3732 a

172 3750 278 3800 basilica
301 3768 331 3799 or
353 3753 402 3800 law
424 3751 669 3801 court-itineri-

173 3821 236 3876 bus,
250 3820 367 3869 meteres.
404 3819 434 3870 In
453 3819 504 3870 this
522 3833 598 3869 sense
615 3833 668 3885 pre-

718 2359 854 2420 Augustan
875 2357 973 2406 writers
995 2358 1095 2422 usually
1111 2359 1215 2423 employ

716 2426 766 2480 vra,
793 2431 840 2471 not
862 2426 917 2480 iter,
944 2439 986 2485 eg.
1014 2423 1066 2471 Cic.
1098 2425 1141 2471 Or.
1168 2438 1215 2485 114

717 2492 841 2552 duplicem
877 2491 967 2537 habuit
1000 2491 1103 2537 docendi
1135 2491 1213 2538 viam.

716 2564 953 2619 -cognoscunt:
970 2554 1032 2605 here
1056 2556 1119 2604 used
1142 2556 1215 2605 abso-

716 2623 797 2686 lutely
816 2622 845 2670 of
865 2621 970 2685 judicial
991 2621 1141 2685 procedure.
1178 2624 1214 2671 So

717 2690 772 2737 also
785 2703 824 2749 41.
846 2689 861 2737 6
881 2690 1010 2737 clementia
1031 2692 1214 2752 cognoscentrs;

717 2757 785 2803 Hist.
800 2756 846 2803 lv.
867 2770 898 2816 42
920 2763 1073 2818 cognosceret
1092 2764 1194 2803 senatus
1203 2773 1215 2813 ,·

718 2822 792 2886 Pliny
809 2824 860 2883 Ep.
878 2822 898 2869 Ι.
915 2836 951 2870 10.
967 2822 1215 2885 10.-accipiunt:

716 2890 755 2936 ie.
768 2888 812 2936 the
827 2887 921 2951 judges
939 2887 973 2935 do
994 2895 1040 2936 not
1061 2887 1150 2935 follow
1170 2888 1214 2958 the

717 2954 848 3017 speaker’s
865 2954 958 3002 wishes
970 2969 998 3002 as
1017 2962 1044 3003 to
1063 2955 1107 3003 the
1126 2961 1215 3018 extent

718 3021 747 3069 of
758 3021 820 3069 time
837 3030 865 3068 to
885 3020 917 3068 be
929 3019 1046 3082 granted,
1067 3020 1113 3068 but
1134 3020 1215 3069 deter-

718 3087 786 3134 mine
801 3088 820 3134 it
835 3087 1034 3147 (constituunt)
1049 3087 1214 3136 themselves.

717 3155 824 3203 -dum
842 3153 882 3200 illi
898 3153 994 3210 libeat,
1008 3161 1069 3201 ete:
1088 3154 1167 3202 ‘until
1181 3153 1215 3202 he

717 3227 774 3282 gets
792 3218 869 3283 ready
881 3227 909 3267 to
924 3235 998 3267 come
1016 3227 1043 3266 to
1062 3219 1106 3267 the
1123 3220 1214 3282 point'

717 3286 837 3334 -ultro
866 3286 1041 3333 admonent:
1071 3286 1151 3334 ‘take
1174 3302 1211 3334 oc

718 3352 805 3400 casion
824 3360 852 3399 to
870 3351 970 3399 remind
987 3350 1069 3411 him';
1094 3353 1125 3400 cf.
1145 3367 1183 3417 39.
1199 3368 1214 3413 4

718 3420 779 3481 quia
791 3426 861 3479 saepe
872 3419 950 3466 iudex
962 3420 1103 3481 interrogat
1113 3421 1215 3482 quando

718 3486 868 3546 incipias.-
874 3485 930 3532 alio
938 3485 1199 3547 transgredientem
1209 3503 1214 3532 ;

719 3550 846 3606 conative,
863 3553 1015 3613 attempting
1029 3559 1054 3599 to
1070 3553 1215 3613 degress—

720 3616 874 3665 festinare:
892 3616 956 3665 used
968 3617 1119 3680 absolutely.

752 3680 797 3740 20,
822 3683 962 3746 principia
982 3684 1098 3731 Corvini
1108 3700 1120 3731 ε·
1136 3682 1213 3745 Quin-

720 3749 791 3797 tilian
803 3750 859 3797 also
878 3750 1008 3798 mentions
1026 3750 1090 3798 such
1108 3753 1214 3799 exordia

721 3817 778 3882 (IV.
794 3830 802 3862 1
827 3815 860 3875 8),
874 3823 915 3884 yet
930 3816 1082 3868 commende
1098 3816 1168 3869 them
1186 3833 1214 3871 as
