2648 4214
105 314 153 358 -15.
169 307 194 372 s]

383 307 572 356 DlALOGVS
598 307 647 354 DE
672 306 918 356 ORATORlBVS.

106 496 205 558 quam
234 476 268 538 in
297 475 400 557 Apr0,
429 476 518 558 quod
544 476 692 538 nondum
719 476 761 538 ab
788 474 995 538 scholasticis
1023 483 1152 537 contro-

106 583 223 646 versiis
236 584 375 647 recessit
389 592 422 645 et
436 583 541 646 otium
556 604 653 646 suum
667 583 791 645 mavult
806 603 967 645 novorum
980 583 1151 645 rhetorum

107 711 197 752 more
214 711 311 772 quam
329 700 480 752 veterum
499 700 666 752 oratorum
685 688 903 752 consumere’

152 800 239 861 Tum
257 798 370 880 Aper:
405 799 502 860 ‘Non
528 798 663 872 desinis
690 797 856 872 Messalla,
881 807 995 860 vetera
1019 806 1151 860 tantum
1166 796 1201 858 15

106 916 139 968 et
165 905 302 988 antiqua
327 906 448 980 mirari,
475 915 665 968 nostrorum
692 914 804 968 autem
830 915 1017 986 temporum
1043 905 1154 967 studia

107 1014 251 1076 inridere
264 1023 364 1096 atque
374 993 603 1077 contemnere.
653 1014 740 1075 Nam
753 1014 842 1076 hunc
856 1022 951 1074 tuum
965 1032 1153 1076 sermonem

107 1142 208 1203 saepe
225 1122 349 1203 excepi,
369 1143 444 1184 cum
462 1121 586 1184 oblitus
604 1131 637 1183 et

655 1130 734 1183 tuae
751 1130 784 1183 et
802 1121 916 1183 fratris
933 1121 983 1183 tui
1000 1121 1154 1203 eloquen-

107 1229 173 1292 tiae
190 1230 359 1292 neminem
377 1230 439 1292 hoc
457 1239 607 1310 tempore
632 1239 796 1291 oratorem
820 1249 894 1291 esse
917 1229 1154 1304 contenderes3

107 1347 208 1420 atque
232 1338 263 1399 id
287 1323 335 1411 eo,
355 1338 463 1411 cred0,
483 1337 651 1412 audaciuS,

673 1337 761 1419 quod
786 1336 1005 1418 malignitatis
1030 1336 1154 1418 opinio·
1190 1365 1203 1398 2

108 1466 185 1507 nem
212 1467 278 1508 non
305 1445 482 1519 verebaris
510 1466 585 1507 cum
612 1465 683 1507 eam
709 1444 857 1526 gloriam,
884 1465 983 1525 quam
1010 1444 1072 1507 tibi
1100 1444 1154 1506 alii

109 1554 306 1627 concedunt,
327 1553 397 1634 ipse
414 1553 475 1616 tibi
493 1552 698 1634 denegares’

157 1662 296 1743 ‘Neque
328 1659 437 1722 illius'
469 1661 574 1743 inquit
607 1661 788 1722 ‘sermonis
817 1660 883 1722 mei
914 1660 1154 1742 paenitentiam
1190 1689 1205 1739 3

109 1790 181 1850 ag0,
202 1789 309 1850 neque
327 1778 383 1830 aut
403 1768 594 1831 Secundum
612 1778 669 1830 aut
688 1769 880 1834 Maternum
898 1776 955 1830 aut
978 1777 1012 1829 te
1035 1768 1153 1849 ipsum,

110 1876 212 1958 Aper,
226 1859 423 1957 quam-quam
439 1876 605 1938 interdum
624 1876 657 1937 in
671 1875 873 1938 contrarium
887 1875 1047 1956 disputes,
1060 1875 1157 1937 aliter

110 1984 235 2046 sentire
252 1983 358 2046 credo.
410 1983 462 2046 Ac
479 1983 578 2045 velini
593 1984 806 2064 impetratum
820 1983 861 2045 ab
874 1983 982 2064 aliquo
995 1992 1154 2058 vestrum,
1190 2015 1205 2060 4

110 2102 146 2155 ut
164 2112 281 2154 causas
297 2092 395 2153 huius
410 2091 559 2153 infinitae
573 2090 783 2152 differentiae
796 2099 964 2153 scrutetur
977 2111 1015 2153 ac
1029 2091 1154 2164 reddat,

110 2220 192 2282 quas
218 2220 348 2262 mecum
375 2199 445 2279 ipse
471 2198 665 2280 plerumque
690 2197 859 2279 conquiro.
912 2199 955 2259 Et
979 2199 1067 2279 quod
1089 2199 1156 2281 qui·
1194 2223 1206 2273 5

110 2357 142 2404 cf.
159 2370 194 2419 13.
208 2370 390 2418 4n.—quam
410 2356 438 2403 in
456 2357 550 2418 Apro:
574 2371 609 2404 sc.

113 2424 238 2484 probari;
259 2424 296 2470 ie.
316 2421 450 2470 Secundus
469 2421 521 2469 and
540 2423 610 2485 Aper

111 2489 176 2537 both
195 2496 248 2536 met
261 2489 321 2537 with
341 2488 507 2550 approval‚—
517 2488 610 2536 Secun-

111 2555 161 2603 dus
181 2570 278 2617 among
296 2554 371 2602 those
390 2555 456 2610 who,
472 2554 524 2602 like
544 2555 610 2602 Mes·

111 2622 183 2678 salla,
191 2619 369 2686 sympathized
381 2621 442 2684 with
456 2621 496 2668 his
507 2621 610 2684 literary

111 2688 233 2751 pursuits,
247 2688 319 2749 Aper
336 2702 433 2750 among
451 2687 526 2740 those
544 2686 609 2743 who,
640 2718 644 2723 -

113 2755 200 2802 unlike
219 2754 350 2810 Messalla,
364 2753 476 2816 thought
495 2753 539 2801 the
557 2768 611 2801 ora·

112 2821 202 2868 torieal
215 2820 327 2882 training
339 2820 367 2868 of
379 2819 423 2868 the
436 2819 485 2884 day
494 2820 611 2882 superior

112 2896 140 2935 to
149 2887 205 2934 that
213 2886 242 2934 of
253 2887 351 2935 former
359 2888 441 2935 times.
472 2885 528 2934 The
537 2886 611 2934 refer-

25 2978 30 2987 .
112 2969 175 3001 enee
191 2961 219 3001 to
233 2955 311 3016 Aper,
326 2953 497 3017 accordingly,
512 2953 533 3001 is
545 2969 561 3000 a
572 2952 611 3016 sly

113 3020 187 3068 bitot
196 3021 270 3084 irony
278 3036 312 3068 on
322 3021 366 3068 the
374 3028 432 3083 part
441 3019 470 3068 of
480 3019 609 3068 Messalla.

112 3115 145 3122 —
161 3087 345 3135 scholasticis
392 3086 610 3134 controversiis:

113 3155 270 3216 conceming
288 3153 361 3201 these
381 3168 425 3200 see
446 3153 552 3214 chapter
571 3165 610 3215 35.

113 3221 282 3268 Scholasticus
310 3219 332 3268 is
359 3235 375 3266 a
403 3220 610 3282 post-Augustan

115 3285 193 3334 word.

147 3351 191 3408 15.
216 3353 329 3415 excepi:
346 3353 492 3415 equivalent
505 3360 533 3400 to
541 3352 612 3399 audi-

113 3421 147 3476 vi,
158 3435 187 3467 as
199 3420 225 3467 in
241 3434 260 3467 1.
276 3433 300 3483 53
318 3419 350 3467 ci.
365 3434 403 3483 34.
414 3433 428 3466 2
440 3419 612 3465 altercationes

113 3487 242 3548 exciperet.
250 3486 438 3534 -neminem
453 3493 611 3532 oratorem:

114 3552 229 3616 possibly
241 3554 351 3601 another
366 3553 481 3599 instance
494 3550 523 3598 of
541 3567 613 3598 nemo

114 3619 156 3667 ior
184 3621 280 3676 nullus,
305 3635 334 3667 as
360 3619 385 3666 in
413 3631 450 3665 12.
479 3617 612 3682 5.-lra·

115 3686 167 3734 tris
197 3685 254 3735 tui:
285 3687 321 3733 M.
344 3685 463 3748 Aquilius
489 3684 611 3746 Regulus,

115 3767 166 3800 one
180 3751 209 3799 of
226 3752 270 3800 the
287 3759 364 3800 worst
383 3751 412 3799 of
431 3751 474 3800 the
492 3752 612 3798 delatores

115 3817 197 3868 under
215 3819 294 3877 Nero,
307 3816 359 3868 and
377 3818 442 3866 later
460 3815 542 3864 under
560 3817 612 3863 Do-

660 2355 758 2402 mitian.
779 2355 852 2419 Pliny
860 2355 885 2403 in
893 2354 933 2403 his
943 2355 1055 2418 Epistles
1063 2356 1157 2418 speaks

660 2422 689 2468 oi
711 2421 809 2468 himin
831 2429 910 2469 terms
931 2421 959 2469 of
979 2421 1023 2469 the
1044 2430 1157 2484 greatest

660 2496 801 2550 contempt,
815 2495 856 2551 yet
875 2503 909 2535 no
922 2503 972 2535 one
991 2503 1051 2536 ever
1063 2488 1156 2537 denied

660 2555 700 2602 his
709 2562 781 2616 great
791 2554 888 2618 ability.
920 2554 962 2602 He
972 2570 1023 2603 was
1032 2554 1157 2619 probably

660 2619 765 2668 brother
785 2621 814 2667 of
836 2620 960 2668 Messalla
978 2621 1039 2685 only
1057 2637 1091 2669 on
1112 2621 1157 2670 the

660 2687 784 2735 mother's
796 2686 895 2735 side.—
902 2687 1077 2749 opinionem,
1086 2695 1158 2750 repu-

660 2755 854 2801 tation.—non
878 2754 1034 2812 verebaris,
1054 2755 1109 2802 had
1126 2771 1159 2802 no

661 2821 830 2883 needtosear.

694 2901 717 2946 3.
742 2886 949 2948 paenitentiam
985 2901 1060 2950 ago:
1089 2896 1158 2951 post-

662 2954 797 3014 Augustan
825 2953 867 3000 for
896 2970 936 3000 me
960 2956 1074 3016 paenitet
1084 2969 1095 3011 ;
1124 2955 1156 3002 ci.

662 3019 751 3079 Quint.
765 3021 812 3067 lx.
826 3034 848 3083 3.
865 3034 893 3066 12
907 3036 957 3066 non
973 3028 1060 3067 acturo
1072 3024 1159 3081 paeni·

660 3088 771 3133 tenuem.
780 3101 997 3148 —quamquam
1011 3087 1142 3148 disputes
1152 3104 1157 3133 :

662 3152 705 3200 the
736 3151 821 3215 suij.
852 3153 911 3199 with
945 3169 1101 3216 quamquam
1136 3153 1158 3201 is

661 3218 716 3266 also
740 3220 949 3281 post-Augustan
968 3218 1019 3266 and
1037 3219 1111 3267 usual
1132 3219 1158 3267 in

661 3285 775 3340 Tacitus,
812 3284 911 3347 though
950 3285 994 3333 the
1029 3285 1080 3333 ind.
1119 3301 1159 3334 oc·

661 3367 726 3399 curs.

705 3433 730 3478 4.
742 3418 829 3466 velim
842 3419 1038 3481 impetratum,
1052 3427 1111 3466 eto:
1130 3420 1157 3468 ‘I

661 3484 747 3533 would
762 3485 815 3532 like
831 3493 859 3533 to
878 3484 971 3533 induce
984 3501 1033 3533 one
1046 3485 1074 3532 of
1091 3487 1158 3550 you.’

662 3551 726 3598 This
747 3551 922 3616 employment
943 3552 972 3599 of
995 3551 1039 3599 the
1060 3551 1159 3614 perfect

662 3617 764 3680 passive
788 3618 921 3680 participle
944 3617 966 3666 is
987 3633 1109 3666 common
1132 3619 1159 3666 in

663 3684 762 3740 Cicero,
774 3683 822 3732 but
838 3699 928 3732 occurs
940 3684 966 3732 in
979 3685 1086 3733 Tacitus
1098 3685 1160 3750 only

663 3750 923 3799 hera-scrutetur
941 3764 974 3798 ac
994 3752 1103 3809 reddat,
1119 3768 1159 3799 ex·

662 3819 749 3866 amine
765 3817 821 3865 and
836 3816 1158 3881 repere-plerumque:
