2648 4214
123 288 156 337 20

484 290 509 335 P.
532 288 712 336 CORNELII
735 289 862 336 TAClTl

1113 285 1161 353 [10.
1176 303 1220 332 12-

172 464 206 518 et
228 455 334 518 nostri
357 455 480 518 saeculi
500 455 743 534 controversias
768 454 863 530 tueri,
883 454 916 517 in
934 455 1054 536 quibus
1074 457 1220 540 [expres-

172 563 231 648 sis]
274 549 473 644 siquando
513 583 652 626 necesse
695 562 738 625 sit
773 559 832 645 prd
867 563 1078 644 periclitante
1108 563 1218 643 amico

171 669 397 752 potentiorum
429 656 525 737 aures
554 671 725 767 offendere
766 680 800 734 et
828 659 967 752 probata
995 671 1037 734 sit
1070 667 1153 734 fides
1182 655 1216 735 et

172 779 309 843 libertas
326 778 503 843 excusata)

125 888 159 951 ll
221 888 317 970 Quae
333 908 409 951 cum
426 886 565 950 dixisset
582 887 677 969 Aper
692 888 810 963 acrius,
825 897 861 950 ut
880 888 1016 963 solebat,
1032 896 1065 950 et
1082 888 1216 951 intento

172 1016 237 1071 ore,
257 995 417 1058 remissus
436 1005 468 1057 et
487 995 664 1058 subridens
683 995 858 1058 Maternus
877 995 1087 1058 ‘Parantem’
1106 996 1215 1079 inquit

173 1116 245 1166 ‘me
278 1124 346 1165 non
381 1103 491 1165 minus
527 1102 584 1165 diu
617 1123 773 1166 accusare
807 1113 954 1166 oratores
988 1124 1087 1185 quam
1120 1104 1216 1185 Aper

171 1213 360 1274 laudaverat
379 1211 463 1298 (fore
480 1200 569 1273 enim
586 1211 769 1274 arbitrabar
791 1220 828 1273 ut
850 1232 870 1274 a
891 1211 1080 1274 laudatione
1100 1232 1216 1275 eorum

168 1319 340 1402 digressus
364 1320 566 1388 detrectaret
591 1327 708 1400 poetas
732 1328 833 1417 at'que
858 1319 1042 1417 cagminum
1066 1319 1215 1382 studium

170 1427 410 1509 prosterneret)
445 1436 517 1489 arte
548 1428 690 1508 quadam
723 1427 897 1509 mitigavit,
928 1428 1141 1490 concedendo
1174 1428 1215 1491 iis

123 1566 135 1598 2
171 1535 228 1617 qui
245 1555 361 1598 causas
379 1554 478 1616 agere
496 1555 562 1596 non
579 1543 727 1616 possent,
743 1543 780 1597 ut
797 1555 912 1598 versus
930 1535 1088 1598 facerent.
1139 1536 1215 1617 Ego

170 1653 281 1705 autem
305 1642 391 1706 sicut
416 1642 450 1705 in
475 1642 584 1706 causis
609 1643 747 1725 agendis
773 1643 903 1705 efficere
927 1643 1050 1724 aliquid
1075 1652 1107 1705 et
1132 1643 1216 1707 eniti

170 1751 314 1814 fortasse
331 1772 477 1833 possum,
498 1750 544 1813 ita
561 1750 757 1814 recitatione
774 1751 1020 1833 tragoediarum
1037 1760 1071 1813 et
1085 1751 1216 1833 ingredi

169 1859 292 1948 famam
310 1858 501 1940 auspicatus
515 1880 599 1932 sum,
614 1880 689 1923 cum
706 1859 839 1941 quidem
858 1858 890 1921 in
910 1859 1079 1921 Neronem
1097 1859 1216 1941 impro-

170 1968 246 2029 bam
274 1977 306 2029 et
334 1967 519 2030 studiorum
548 1987 680 2048 quoque
708 1987 802 2030 sacra
828 1966 1060 2049 profanantem
1087 1967 1216 2031 Vatinii

122 2106 136 2154 3
172 2075 357 2157 potentiam
380 2074 489 2156 fregi3
524 2083 556 2137 et
575 2074 674 2137 hodie
694 2075 723 2137 si
745 2074 824 2156 quid
847 2074 880 2136 in
903 2075 1000 2137 nobis
1021 2075 1160 2137 notitiae
1175 2097 1215 2140 ac

172 2183 316 2246 nominis
334 2191 395 2258 est,
415 2183 521 2264 magis
538 2183 681 2245 arbitror
700 2182 882 2246 carminum
906 2203 1004 2264 quam
1027 2182 1213 2246 orationum

122 2321 138 2366 4
172 2290 277 2373 gloria
293 2300 434 2372 partum.
485 2291 537 2353 Ac
556 2290 620 2352 iam
637 2310 690 2352 me
707 2289 889 2372 deiungere
911 2312 930 2353 a
951 2290 1077 2352 forensi
1102 2291 1215 2354 labore

171 2458 263 2507 nostri
276 2457 401 2507 saeculi:
418 2473 446 2506 as
456 2456 573 2520 opposed
586 2465 613 2505 to
623 2457 667 2505 the

171 2524 234 2588 days
247 2524 275 2572 of
288 2525 362 2580 Cato,
374 2524 417 2572 for
429 2525 553 2586 example.

205 2590 249 2645 ll.
274 2591 440 2653 nonvminus
459 2591 516 2647 diu,
529 2598 557 2638 ot
573 2607 605 2638 no
620 2592 668 2638 less

171 2658 519 2720 length—prosterneret:
544 2673 559 2704 a
576 2665 666 2718 strong

717 2457 864 2522 frequently
875 2457 900 2505 in
914 2458 1076 2520 expressions
1089 2457 1118 2505 of
1129 2457 1215 2520 begin-

717 2523 864 2586 ning—in
878 2525 1024 2573 Neronem
1039 2524 1148 2573 Vatinii
1165 2539 1215 2588 po-

718 2591 848 2648 tentiam,
878 2591 1017 2637 Vatinius's
1041 2597 1129 2651 power
1154 2608 1214 2639 over

717 2659 786 2705 Nero
793 2672 804 2713 ;
826 2656 858 2704 cf.
878 2657 931 2704 Cic.
950 2658 979 2704 dc
996 2658 1057 2718 ch.
1078 2658 1112 2704 ll.
1131 2671 1163 2719 49
1184 2659 1212 2705 in

171 2722 249 2780 word,
270 2725 381 2785 tramplc
403 2725 431 2770 in
455 2724 495 2770 tlte
518 2724 582 2778 dust,
604 2723 665 2771 with
711 2725 973 2785 populospcrpctuorn
982 2730 1140 2784 potestatem,¹
1160 2724 1212 2771 lll.

170 2790 292 2839 sarcastic
315 2790 426 2838 allusion
456 2797 483 2837 to
507 2790 599 2852 Aper’s
622 2789 666 2837 im-

170 2857 308 2921 petuosity.

204 2937 228 2970 2.
247 2924 321 2971 sicut
333 2959 338 2970 .
351 2958 357 2970 .
369 2958 375 2970 .
386 2923 436 2970 ita:
454 2923 497 2970 the
507 2923 665 2972 sicutelause

170 2990 218 3038 has
228 2990 376 3038 concessive
383 2989 468 3047 force;
487 2988 519 3037 cf.
530 3003 568 3053 37.
580 3002 592 3053 5
602 3005 666 3052 quoe

170 3057 240 3104 mala
252 3058 317 3104 sicut
333 3073 383 3103 non
401 3057 511 3104 accidere
527 3057 618 3103 melius
630 3062 666 3103 cst

171 3159 176 3170 .
190 3158 196 3169 .
210 3158 215 3169 .
228 3124 264 3170 ita
279 3139 335 3170 cnm
352 3123 498 3179 acciderant,
511 3122 595 3170 where
607 3122 663 3170 also

170 3205 208 3237 we
230 3190 296 3237 have
319 3189 364 3238 the
386 3188 530 3251 pleonastie
552 3190 617 3236 sicut
638 3188 664 3235 in

170 3256 243 3318 place
252 3256 281 3303 of
292 3255 336 3303 the
345 3255 437 3317 simple
445 3263 514 3302 ut.—
522 3262 582 3303 arte
595 3269 663 3317 qua·

170 3323 250 3371 darn:
269 3322 370 3370 further
388 3320 524 3383 explained
544 3321 578 3385 by
596 3335 664 3369 con·

170 3389 298 3437 cedendo
315 3396 346 3437 ut
364 3401 467 3436 versus
487 3388 665 3436 lacerent.—

170 3455 247 3512 eniti‚
268 3456 418 3516 accomplisli
442 3456 472 3516 by
494 3454 664 3516 affort—in-

170 3521 250 3584 gredi
268 3521 436 3584 auspicatus
458 3534 538 3568 sum:
558 3519 601 3568 for
619 3520 663 3567 the

168 3589 303 3650 pleonasm
322 3587 354 3634 cf.
373 3601 396 3650 3.
415 3600 463 3650 3n.
482 3593 615 3634 maturare
623 3587 664 3650 fc·

168 3656 253 3712 stino,·
285 3656 340 3702 Ger.
373 3652 402 3701 18
431 3654 492 3714 ipsis
519 3653 665 3714 incipientis

168 3722 330 3768 matrimonii
342 3721 463 3782 auspiciis
469 3735 480 3776 ;
498 3721 569 3766 Ann.
583 3719 663 3767 Xlll.

171 3800 201 3835 10
213 3785 374 3849 principium
393 3789 461 3834 anni
476 3788 598 3848 inciperet
603 3802 615 3843 ;
633 3801 664 3834 so

717 2804 731 2838 2
734 2804 748 2854 3
760 2792 788 2837 in
797 2791 922 2852 populum
939 2791 1005 2837 vitae
1019 2792 1133 2853 necisque
1144 2797 1213 2852 potc-

715 2864 802 2907 statcrn.
811 2857 943 2904 liabent—
949 2857 1109 2906 studiorum
1119 2871 1211 2917 sacra,

715 2924 757 2970 the
774 2924 863 2970 sacred
875 2925 997 2984 province
1017 2923 1048 2986 of
1060 2925 1193 2972 literature
1200 2941 1211 2982 ;

716 2989 748 3037 cf.
758 2990 847 3049 Quint.
858 2990 891 3037 X.
903 3003 923 3037 1.
932 3004 963 3052 92
973 3006 1046 3037 sacro
1056 2992 1210 3038 litterarum.

714 3055 880 3106 -Vatiniiz
904 3072 954 3104 one
973 3056 1004 3104 of
1026 3057 1070 3104 the
1089 3066 1166 3105 worst
1184 3058 1212 3105 of

714 3122 759 3171 the
780 3122 906 3171 favorites
929 3123 958 3170 of
982 3125 1061 3171 Nero.
1104 3124 1210 3173 Tacitus

714 3204 773 3253 says
791 3188 819 3236 of
835 3188 889 3236 him
907 3190 1052 3246 elsewhere,
1066 3193 1136 3238 Ann.
1151 3191 1209 3238 XV.

715 3269 754 3319 34,
777 3256 895 3303 Vatinius
912 3258 980 3304 inter
989 3258 1140 3321 foedcisimo
1157 3259 1212 3304 cius

714 3323 789 3370 aulae
810 3329 903 3370 ostenta
919 3324 983 3386 suit.
1020 3324 1140 3386 Nothing
1158 3323 1209 3371 fur·

715 3388 773 3436 ther
789 3387 812 3436 is
830 3387 925 3437 known
946 3389 975 3437 of
995 3390 1039 3438 the
1059 3405 1162 3439 success
1184 3391 1212 3438 of

715 3454 851 3502 Maternus
863 3455 924 3504 here
937 3456 1049 3504 referred
1062 3465 1097 3505 to.

747 3535 769 3580 3.
788 3520 881 3580 nobis,
911 3522 1039 3581 notitiae,
1069 3523 1209 3572 nominis:

714 3586 877 3635 alliteration.
915 3589 964 3637 See
983 3590 1045 3637 Intr.
1064 3605 1088 3652 p.
1106 3589 1165 3636 xxii.
1177 3617 1212 3625 -—

715 3661 829 3716 partum
842 3671 848 3700 ε
866 3672 898 3702 sc.
910 3671 966 3703 csse.

743 3735 767 3780 4.
781 3719 948 3784 deiungere:
957 3720 1041 3769 found
1048 3721 1109 3785 only
1116 3721 1210 3770 herein

715 3786 759 3835 the
776 3786 911 3849 figurative
922 3789 1210 3839 sense-comitatus
