2648 4214
115 278 186 338 xxiv
491 297 790 348 1NTR0uucauou.

240 460 397 522 instances
413 465 465 522 the
480 483 677 524 new-comers
693 485 818 542 express
829 486 846 524 a
857 463 924 526 sear
935 464 968 526 of
982 463 1141 544 intruding
1156 489 1163 528 ε

240 564 326 622 Dial.
338 587 349 621 .·
369 583 440 622 num
454 572 569 638 parum
591 567 775 640 tempestiuus
796 566 915 624 inuenit
950 568 985 624 de
1008 569 1061 626 Or.
1071 591 1082 624 .·
1103 570 1167 625 nisi

235 663 320 738 forte
334 665 446 721 molesti
458 665 671 724 intervenimus.

282 760 315 839 4)
339 763 407 822 One
422 762 622 822 interlocutor
637 765 750 840 speaks
765 766 813 824 for
827 775 896 825 two.
942 767 989 825 cf.
1006 768 1092 826 Dinl.
1114 770 1160 827 16.

240 882 257 937 3
274 871 335 937 pro
355 863 465 921 duobus
478 866 627 938 promitte,
647 864 719 922 with
738 867 773 923 de
793 868 846 925 Or.
861 868 904 925 II.
922 883 957 942 27
968 875 1027 940 pro
1042 875 1165 943 utroque

240 964 397 1036 respondeo.
443 965 480 1022 In
509 963 586 1022 both
612 983 759 1041 passages
785 984 830 1023 we
859 966 937 1023 have
965 966 1083 1024 further
1108 966 1162 1026 the

240 1061 352 1137 phrase
366 1064 395 1119 si
406 1071 475 1120 onte
490 1065 564 1144 (nisi
574 1061 678 1140 prius)
696 1085 715 1122 a
730 1067 809 1122 uobis
823 1067 1020 1139 impetravero.

283 1159 315 1238 5)
339 1164 375 1220 In
398 1164 432 1220 dc
456 1165 509 1223 Or.
535 1166 558 1222 Ι.
586 1185 639 1221 ιιι
671 1165 802 1227 Crassus
832 1165 984 1244 modestly
1009 1167 1105 1224 refers
1129 1177 1162 1226 to

240 1261 287 1320 his
314 1262 523 1321 contribution
552 1272 584 1322 to
610 1265 662 1322 the
689 1263 864 1323 discussion
890 1284 924 1323 as
950 1266 1093 1340 ineptioe;
1126 1285 1162 1325 so

241 1361 389 1419 Messalla
405 1361 436 1419 in
451 1365 539 1421 Diol.
555 1383 605 1438 32.
626 1385 670 1422 ιι.

157 1461 181 1518 b.
214 1459 334 1517 Similar
350 1461 498 1538 thoughts
514 1464 681 1538 expressed
697 1463 727 1521 in
743 1464 859 1551 similar
875 1465 1025 1542 language
1042 1488 1048 1523 :

299 1596 430 1652 Crcsau.
824 1599 1000 1657 Drnaocus.

156 1693 191 1749 de
230 1694 282 1751 Or.
320 1695 343 1752 Ι.
379 1711 415 1771 53
429 1716 490 1772 quo
513 1715 546 1754 re
555 1699 615 1754 nisi
674 1679 675 1698 ³
704 1717 753 1772 31·
777 1717 794 1772 3
818 1697 857 1754 'de
879 1699 985 1773 quibus
1008 1700 1113 1772 copiose
1136 1709 1165 1759 et

114 1793 169 1867 qui
186 1800 312 1849 naturas
331 1794 483 1853 'nominum
501 1797 616 1872 vimque
664 1789 747 1853 uarie
773 1804 801 1853 et
826 1805 929 1855 ornate
961 1816 1041 1856 nemo
1073 1799 1164 1857 dicere

114 1909 224 1949 omnem
242 1892 438 1951 humanitatis
455 1914 615 1972 causasque
662 1902 764 1970 potest,
785 1897 846 1953 nisi
865 1899 920 1972 qui
935 1900 1063 1972 cognonit
1077 1908 1163 1958 notu-

114 2010 164 2049 eas
177 1993 284 2067 quibus
298 2002 403 2051 mentes
420 2004 475 2053 aret
493 1998 612 2054 incitan-
663 2017 728 2054 rom
740 1997 900 2055 numanam
911 2005 938 2054 et
945 1999 1004 2056 oim
1015 2001 1162 2059 virtutum

115 2100 167 2149 tur
193 2100 249 2150 aut
284 2095 469 2168 reflectuntur
493 2098 613 2170 penitus
664 2097 900 2171 pravitatemque
915 2098 1061 2157 vitiorum.

114 2196 306 2267 perspexerit,
320 2197 436 2254 dicendo
449 2197 530 2272 quod
543 2198 615 2254 uolet

113 2295 250 2368 perficere
268 2313 324 2351 non
338 2296 457 2366 poterit.

156 2411 190 2467 de
209 2411 261 2469 Or.
280 2413 303 2469 I.
321 2413 361 2483 64
384 2413 410 2468 is
434 2416 490 2469 crit
513 2421 613 2471 orator
703 2413 789 2471 Diol.
802 2432 852 2487 30.
865 2415 883 2470 8
897 2415 948 2471 sed
959 2416 985 2471 is
995 2417 1051 2472 erit
1061 2424 1164 2473 orator

115 2530 177 2567 mea
198 2513 343 2581 sententio,
370 2513 421 2568 doc
445 2520 505 2569 tam
521 2514 615 2586 grooi
662 2513 716 2587 qui
727 2513 761 2569 de
770 2514 849 2572 omui
857 2515 1022 2587 quaestione
1037 2516 1164 2589 pulchre

114 2612 222 2684 dranus
243 2614 362 2685 nomine,
382 2615 440 2688 qui,
464 2631 612 2689 qrcoeeum-
662 2618 690 2668 et
703 2619 806 2669 ornate
822 2619 850 2669 et
869 2613 913 2669 nd
922 2614 1162 2686 persuadendum

113 2732 170 2788 que
192 2734 238 2772 res
259 2717 391 2773 incederit
416 2718 551 2791 quaesit
570 2718 611 2773 di-
661 2721 728 2789 apte
740 2717 830 2773 dicere
842 2725 901 2790 pro
913 2718 1162 2791 degeru'tatererum

115 2817 204 2872 ctione
215 2820 395 2892 explicanda,
410 2819 574 2892 prudenter
586 2825 613 2874 et
661 2817 704 2874 ad
726 2819 879 2875 utilitatem
910 2825 1067 2892 temporum
1097 2836 1161 2875 cum

113 2920 260 2991 composite
271 2926 299 2975 ct
307 2926 408 2975 ornate
416 2926 443 2975 ct
453 2919 614 2976 memoriter
663 2919 810 2990 oolrptate
821 2918 1002 2976 audientium
1017 2920 1118 2991 possit.

114 3018 191 3076 dicct.

154 3136 246 3193 Brut.
264 3156 321 3212 293
339 3137 464 3210 equidem
490 3136 521 3191 in
549 3136 611 3210 qui·
703 3135 790 3191 Dial.
815 3153 862 3191 21.
887 3155 898 3190 1
928 3136 1056 3210 equidem
1080 3135 1161 3208 sate-

113 3236 235 3292 busdam
250 3237 342 3292 risum
359 3236 411 3291 uix
425 3236 556 3292 tenebam.
662 3235 714 3291 bor
740 3234 818 3290 vobis
850 3235 1020 3307 simpliciter
1052 3254 1096 3292 mc
1130 3237 1160 3292 in

660 3333 832 3408 quibusdam
876 3335 1065 3409 antiquorum
1109 3337 1161 3392 oen

661 3433 755 3489 rosum
771 3440 866 3490 tenere.

154 3552 247 3609 Brut.
271 3552 311 3627 96
338 3569 464 3608 summos
491 3552 610 3607 tonores
702 3550 788 3607 Dial.
811 3552 873 3626 8.5
902 3551 964 3606 sine
985 3553 1160 3609 commcnda-

114 3652 176 3707 sine
190 3653 253 3707 ullo
272 3650 510 3707 commendatione
523 3650 609 3707 maio
660 3649 733 3706 tione
777 3650 922 3706 natalium
964 3652 1163 3723 potentissimi

114 3769 181 3808 rum
195 3757 237 3806 est
249 3751 377 3822 adeptus.
659 3755 735 3808 sunt.
