2648 4214
104 315 155 361 40.
171 307 194 368 7]
392 308 580 360 DIALOGVS
605 311 655 359 DE
679 309 925 361 ORATORIBVS.
1168 313 1197 366 75

107 496 219 541 comes
242 475 455 552 seditionum,
475 477 630 540 effrenati
655 499 676 559 p
723 478 769 541 uli
794 478 1058 555 incitamentum,
1077 480 1150 545 sine

106 584 277 668 obsequi0‚
293 585 366 648 sine
383 584 570 661 severitate,
586 498 766 649 conlhiiiiax
781 587 958 650 temeraria
974 588 1148 670 adrogans,

106 715 191 778 quae
208 695 241 757 in
259 695 346 758 bene
362 693 556 757 constitutis
575 693 766 758 civitatibus
789 716 856 758 non
876 669 989 759 oritui.
1041 698 1149 779 Quem
1186 720 1200 770 3

107 805 195 867 enim
206 814 371 867 oratorem
384 803 695 879 Lacedaemonium,
707 824 805 886 quem
819 804 1016 868 Cretensem
1027 807 1151 889 accepi-

107 914 204 976 mus?
234 934 372 995 quarum
390 912 561 976 civitatum
579 913 792 976 severissima
808 913 984 995 disciplina
1006 923 1039 977 et
1062 934 1152 977 seve-

107 1021 257 1085 rissimae
281 1022 374 1104 leges
398 1022 585 1086 traduntur.
636 1022 689 1084 Ne
714 1023 938 1085 Macedonum
961 1022 1095 1104 quidem
1113 1044 1151 1086 ac
1186 1045 1202 1091 4

108 1131 281 1193 Persarum
299 1138 355 1193 aut
373 1130 472 1193 ullius
489 1129 601 1211 gentis
618 1151 702 1212 quae
720 1140 811 1193 certo
837 1130 976 1212 imperio
993 1141 1152 1194 contenta

106 1237 208 1301 fuerit
237 1238 461 1320 eloquentiam
487 1238 660 1314 novimus3
702 1238 825 1301 Rhodii
850 1238 993 1320 quidam,
1018 1239 1151 1321 plurimi
1189 1261 1201 1313 5

107 1345 335 1409 Athenienses
360 1356 509 1409 oratores
532 1346 743 1421 exstiterunt,
762 1347 851 1428 apud
871 1367 954 1428 quos
971 1347 1082 1410 omnia
1098 1368 1153 1428 po-

107 1454 214 1534 pulus,
230 1454 341 1517 omnia
353 1454 508 1535 imperiti,
523 1455 643 1529 omnia,
659 1465 696 1522 ut
709 1455 757 1517 sic
770 1454 919 1531 dixerim,
932 1476 1048 1518 omnes
1062 1465 1153 1536 pote-

108 1571 192 1627 rant.
242 1563 367 1625 Nostra
391 1583 522 1644 quoque
548 1562 675 1637 civitas,
703 1563 809 1626 donec
834 1563 964 1639 erravit,
989 1565 1095 1627 donec
1115 1584 1151 1626 se
1187 1581 1202 1629 6

107 1670 258 1752 partibus
275 1679 308 1732 et
326 1670 590 1734 dissensionibus
616 1681 649 1733 et
674 1670 848 1734 discordiis
872 1671 1027 1747 confecit,
1045 1673 1152 1735 donec

107 1778 197 1841 nulla
216 1778 280 1841 fuit
301 1778 335 1841 in
354 1779 427 1841 foro
448 1800 520 1860 pax,
539 1779 630 1841 nulla
653 1779 687 1841 in
713 1789 832 1841 senatu
857 1781 1042 1856 concordia,
1062 1780 1152 1843 nulla

108 1885 142 1948 in
155 1886 285 1950 iudiciis
299 1887 491 1961 moderatio,
506 1887 597 1950 nulla
610 1887 817 1969 superiorum
831 1888 1027 1963 reverentia,
1040 1888 1151 1951 nullus

107 1995 363 2076 magistratuum
392 1996 519 2070 modus
539 1995 616 2057 tulit
639 1995 712 2057 sine
734 1972 836 2059 duhio
853 1996 1071 2058 valentiorem
1089 1997 1152 2059 elo·
1187 2018 1200 2064 7

107 2103 287 2185 quentiam,
307 2102 596 2166 sicut0indomitus
621 2123 701 2185 ager
725 2104 825 2166 habet
851 2105 1010 2185 quasdam
1031 2105 1150 2167 herbas

107 2210 281 2287 laetiores;
309 2212 367 2273 sed
393 2232 455 2274 nec
475 2211 561 2274 tanti
587 2211 635 2273 rei
660 2211 812 2292 publicae
836 2212 1061 2274 Gracchorum
1088 2213 1152 2275 elo-

107 2296 335 2401 fflia‘fuit
365 2329 401 2381 ut
433 2329 605 2400 pateretur
633 2329 666 2381 et
695 2319 796 2401 leges
824 2340 886 2381 nec
914 2320 1000 2382 bene
1027 2320 1151 2383 famam

107 2428 317 2510 eloquentiae
335 2427 453 2490 Cicero
470 2427 528 2489 tali
546 2428 635 2489 exitu
654 2427 815 2511 pensavit.

695 2518 836 2584 Miltia*

653 2584 754 2676 errdnti
771 2608 874 2668 populo.
922 2606 963 2653 On
986 2606 1038 2654 this
1058 2622 1104 2655 use
1122 2608 1151 2686 of

654 2672 1151 2803 {ttamen,ditata

107 2605 191 2655 words
209 2604 307 2655 related
324 2604 389 2653 both
407 2604 433 2653 in
449 2605 533 2654 sound
552 2604 603 2653 and

106 2688 188 2720 sense.
225 2672 334 2720 Further
361 2673 531 2720 illustrations
560 2687 603 2720 are

107 2740 174 2786 Hist.
197 2739 233 2787 Il.
256 2752 286 2787 10
309 2740 411 2786 libertas
430 2755 460 2786 ac
482 2740 602 2797 licentia,·

108 2804 128 2852 l.
154 2819 184 2853 12
208 2807 308 2853 licentia
331 2822 362 2853 ac
389 2806 500 2853 libidine.
554 2806 603 2854 See

108 2873 170 2920 lntr.
191 2888 216 2935 p.
237 2872 342 2919 xxii.—
355 2872 416 2920 sine
439 2873 601 2930 severitate,

107 2940 215 2986 without
228 2955 330 2986 restrae.
366 2939 473 2987 Tacitus
485 2939 507 2987 is
521 2938 604 2986 think-

69 3020 73 3027 ·
107 3005 151 3067 ing
173 3005 202 3053 of
225 3005 269 3053 the
292 3004 337 3052 old
356 3006 458 3053 Roman
476 3008 602 3062 severitas,

107 3071 179 3120 often
201 3086 377 3136 synonymous
397 3071 458 3119 with
483 3073 602 3134 dignitas,

103 3141 226 3199 gravitas.

139 3220 164 3266 4.
189 3213 267 3253 certo
284 3205 422 3267 imperio:
445 3206 483 3252 i.e.
501 3204 545 3252 the
562 3220 604 3252 un-

107 3270 229 3334 disputed
241 3286 310 3334 sway
322 3271 350 3318 of
361 3286 377 3318 a
389 3270 522 3319 monarch.

141 3351 165 3399 5.
190 3338 314 3385 Rhodii:
360 3353 402 3399 ag.
447 3337 604 3399 Apollonius

109 3405 190 3460 Molo,
203 3405 248 3452 the
266 3403 370 3451 teacher
387 3403 417 3451 of
435 3404 536 3459 Cicero,
553 3403 603 3451 and

108 3470 152 3519 the
173 3469 243 3519 elder
264 3471 447 3531 Hermagoras.
495 3470 544 3517 See
568 3484 604 3532 19.

107 3538 309 3596 4n.-omnia,
331 3538 431 3594 donec,
451 3535 546 3585 nulla:
571 3551 604 3583 on

108 3603 152 3651 the
170 3603 303 3666 anaphora
321 3619 364 3651 see
380 3603 442 3651 lntr.
455 3618 480 3664 p.
493 3603 605 3649 xxiii.-

65 3680 70 3696 ’
108 3677 140 3718 ut
152 3670 194 3718 sic
210 3671 347 3718 dixerim:
366 3685 409 3718 see
422 3683 518 3732 34-2n-

142 3734 164 3784 6.
189 3737 280 3784 donee
299 3737 419 3785 erravit:
439 3738 476 3782 ie.
493 3736 567 3783 while
584 3736 604 3783 it

108 3801 201 3850 lacked
212 3811 303 3866 strong
310 3802 456 3864 leadership
467 3820 473 3861 ;
498 3801 530 3849 cf.
540 3801 579 3865 36.
590 3816 603 3848 2

654 2805 756 2853 confine
775 2805 931 2853 themselves
950 2813 977 2853 to
996 2804 1040 2854 the
1059 2808 1151 2855 consti-

654 2872 764 2919 tutional
776 2871 927 2920 limitations
940 2871 970 2919 of
980 2872 1049 2920 their
1060 2873 1133 2921 office
1143 2892 1149 2933 ς

654 2938 685 2986 ci.
698 2955 741 3000 ag.
755 2938 799 2986 the
812 2954 870 2986 case
883 2938 912 2985 of
924 2939 968 2987 the
982 2939 1099 2988 Gracchi.

686 3020 710 3068 7.
735 3005 884 3053 laetiores:
903 3005 935 3053 cf.
945 3005 1021 3068 Verg.
1034 3008 1119 3070 Georg.
1129 3008 1150 3054 1.

654 3085 703 3134 339
719 3073 792 3119 laetis
808 3075 836 3118 in
855 3072 944 3119 herbis.
955 3086 1045 3120 -nec
1064 3074 1150 3121 tanti:

654 3137 790 3200 explained
819 3138 852 3202 by
878 3138 923 3186 the
951 3139 1086 3201 following
1115 3147 1151 3187 ut-

655 3203 791 3251 clause.—
802 3212 834 3253 ut
851 3213 997 3266 pateretur
1014 3214 1042 3253 et
1058 3205 1148 3268 leges,

655 3270 712 3318 that
734 3272 756 3318 it
776 3271 871 3317 should
887 3273 982 3318 endure
1002 3273 1070 3319 tlteir
1086 3274 1150 3319 lawr

655 3343 698 3393 too,
709 3352 737 3384 as
748 3337 804 3384 well
814 3352 842 3384 as
852 3337 914 3385 hear
927 3338 993 3385 their
1002 3338 1149 3400 eloquence.

655 3415 748 3450 —nec
768 3405 840 3451 bene
860 3403 977 3461 lamam,
998 3412 1060 3451 etc:
1085 3404 1150 3452 ‘and

656 3469 826 3533 ingloriously
837 3468 882 3516 did
895 3469 986 3517 Cicero
998 3485 1048 3534 pay
1057 3471 1098 3517 for
1110 3471 1150 3518 his

656 3550 761 3582 renown
783 3551 811 3583 as
832 3551 864 3582 an
887 3543 976 3583 orator
997 3536 1030 3600 by
1047 3537 1111 3584 such
1135 3552 1151 3584 a

656 3601 751 3649 death.'
795 3602 868 3650 With
890 3618 933 3649 nec
956 3603 1013 3650 bene
1033 3602 1064 3650 cf.
1085 3603 1149 3649 Hor.

658 3670 743 3716 Curm.
764 3668 799 3715 ΙΙ.
818 3682 841 3728 7.
863 3683 892 3716 10
913 3669 1000 3715 relicta
1023 3686 1072 3716 rum
1093 3670 1152 3716 bene

656 3735 995 3796 portende—pensavit:
1024 3735 1066 3783 for
1089 3751 1152 3783 com·

656 3803 782 3862 pensavit.
820 3802 983 3861 See17.4n.
