2648 4214
113 407 127 450 f

134 315 169 360 a·
182 307 206 370 s]

426 308 615 357 DIALOGVS
637 308 687 356 DE
710 306 955 358 ORATORIBVS.

1198 309 1228 360 15

181 477 267 538 Nam
286 476 432 539 carmina
445 485 478 538 et
492 495 618 550 versuS,
633 475 754 557 quibus
767 483 873 538 totam
885 475 987 560 vitam
1003 476 1176 540 Maternus
1210 484 1227 547 9

134 584 302 647 insumere
326 591 419 665 optat
440 583 529 669 (inde
554 583 643 646 enim
670 584 777 646 omnis
803 583 897 670 Ηωςίῐ
922 584 1051 666 oratio),
1070 605 1179 667 neque

132 692 332 774 dignitatem
350 692 448 755 ullam
466 682 658 774 auctoribus
676 676 749 756 suis
762 692 940 776 conciliant
964 712 1072 775 neque
1093 693 1178 755 utili-

123 801 338 883 *tfatesalunt
357 801 563 904 voluptatem
588 812 700 864 autem
723 789 870 876 brevem,
889 801 1019 864 laudem
1044 801 1176 899 inanem

132 919 166 971 et
184 909 425 974 infructuosam
443 920 702 992 consequuntur.
754 911 850 992 Licet
863 910 945 973 haec
961 910 1034 992 ipsa
1046 919 1079 972 et
1093 931 1176 992 quae
1212 942 1225 975 2

131 1017 289 1100 deinceps
312 1019 462 1081 dicturus
486 1040 569 1094 sum,
588 1039 685 1082 aures
705 1027 792 1094 tuae,
814 1020 976 1094 Materne,
995 1029 1154 1103 respuant
1170 1042 1184 1084 ε.

131 1126 185 1188 cui
202 1128 358 1188 bonot
308 1135 368 1202 est,
388 1127 416 1189 si
433 1128 520 1208 apud
538 1138 572 1189 te
589 1127 826 1238 Agamemnon
849 1137 906 1190 aut
931 1127 1030 1190 lason
1053 1127 1177 1190 diserte

130 1234 304 1320 loquitur?
332 1236 406 1317 quis
429 1236 503 1297 ideo
525 1237 660 1298 domum
626 1235 740 1337 de
741 1244 937 1298 ensuse
886 1236 986 1298 ttibi
1008 1236 1155 1317 obliga
1137 1256 1175 1298 us
1237 1225 1250 1294 „⁷

130 1343 238 1405 redit?
271 1343 345 1429 quis
371 1343 517 1408 Saleium
543 1353 704 1418 nostrum,
724 1329 895 1425 egregium
915 1354 1049 1425 poetam
1065 1345 1128 1419 vel
1147 1344 1175 1406 si
1210 1365 1224 1416 3

130 1450 194 1513 hoc
210 1450 442 1524 honorificent
418 1459 484 1513 trus
503 1461 553 1513 est
557 1451 884 1533 ,praeclarissimum
901 1460 1021 1527 vatem,
1041 1452 1175 1527 deducit

129 1667 345 1748 propinquus,
365 1666 393 1728 si
417 1666 594 1748 denique
587 1687 657 1748 ipse
684 1668 717 1729 in
741 1667 873 1749 aliquod
898 1667 1071 1760 negotium
1096 1667 1175 1731 inci-

128 1773 223 1849 derit,
242 1774 390 1837 adhunc
409 1775 601 1838 Secundum
628 1785 775 1838 recurret
801 1783 857 1837 aut
880 1776 921 1838 ad
944 1784 987 1850 te,
1005 1736 1171 1852 Materne,

128 1901 195 1944 non
218 1883 294 1963 quia
316 1892 415 1963 poeta
439 1903 474 1945 es
500 1903 608 1964 neque
634 1893 670 1945 ut
695 1904 754 1964 pro
779 1903 818 1945 eo
840 1903 957 1946 versus
980 1883 1106 1960 facias;
1138 1884 1172 1946 hi
1209 1906 1222 1958 5

128 1989 217 2052 enim
235 1991 339 2053 Basso
356 1991 444 2053 domi
462 2000 655 2064 nascuntur,
675 1990 803 2072 pulchri
823 1990 955 2072 quidem
973 1999 1007 2053 et
1025 1991 1170 2067 iucundi,
1199 2035 1203 2044 ·

159 2145 187 2203 9.
206 2162 273 2195 nam
287 2148 430 2196 carmina:
448 2147 537 2196 before
550 2148 623 2196 these

127 2212 212 2262 words
229 2215 322 2278 supply
336 2215 362 2261 in
380 2214 511 2276 thought:
530 2215 623 2274 ‘Quite

127 2278 247 2344 different
267 2281 289 2328 is
309 2281 329 2328 it
350 2281 410 2327 with
430 2281 571 2345 poetry.’—
580 2281 623 2329 in·

127 2360 242 2394 sumere
260 2355 359 2409 optat:
378 2347 421 2395 the
437 2348 483 2394 inf.
496 2346 556 2394 with
570 2355 624 2408 apta

125 2413 147 2460 is
159 2412 243 2460 found
255 2413 280 2460 in
292 2424 369 2475 prose
382 2429 410 2462 as
422 2415 491 2478 early
503 2429 531 2461 as
551 2414 622 2477 Livy,

125 2495 167 2541 ag.
182 2480 229 2526 lX.
245 2494 282 2538 14.
298 2493 326 2543 15
335 2481 442 2541 perdere
454 2482 532 2541 prius
544 2497 620 2543 quam

126 2547 215 2606 perire
232 2547 479 2608 optantes—inde:
498 2549 534 2594 ia.
553 2548 621 2594 from

127 2613 283 2662 Maternus's
296 2613 419 2661 devotion
438 2622 465 2661 to
479 2613 522 2661 the
534 2623 623 2666 art-r

125 2679 306 2742 dignitatem,
316 2689 376 2728 ete:
394 2680 438 2728 the
451 2696 522 2728 same
534 2681 622 2742 points

125 2745 154 2792 of
177 2746 241 2794 view
260 2762 289 2794 as
312 2746 465 2794 considered
489 2747 571 2794 above
595 2747 621 2794 in

125 2811 231 2874 chapter
246 2825 258 2876 5
271 2813 296 2860 in
309 2812 455 2875 discussing
471 2822 623 2877 oratory.—

126 2878 349 2927 infructuosam:
374 2895 390 2926 a
412 2881 621 2942 post-Augustan

124 2944 202 2992 word.
296 2963 299 2971 ·

157 3024 181 3058 2.
201 3013 247 3060 cui
265 3014 349 3070 bono,
369 3019 393 3060 ta
409 3014 490 3060 whom
510 3014 533 3059 ir
550 3014 571 3059 ir
589 3013 620 3075 af

124 3079 285 3140 advantage?
319 3079 363 3126 Gr.
390 3093 444 3142 ²33·
480 3079 544 3126 This
569 3094 620 3126 was

124 3144 260 3209 originally
271 3160 287 3192 a
298 3145 365 3208 legal
378 3146 472 3207 phrase
484 3144 620 3209 employed

123 3210 149 3257 in
169 3210 213 3258 the
230 3226 323 3260 sense:
348 3212 434 3260 ‘Who
456 3211 534 3260 could
555 3211 620 3260 have

123 3276 175 3324 had
187 3292 204 3325 a
215 3278 374 3327 motlve?'—
380 3279 456 3341 apud
470 3287 508 3337 te,
517 3281 544 3325 r'n
552 3295 621 3340 your

123 3345 274 3392 werke—A
279 3360 453 3408 gamemnon
463 3353 512 3393 aut
522 3345 620 3393 Iason:

123 3410 269 3460 characters
294 3413 320 3459 in
347 3413 391 3459 the
415 3412 543 3475 Thyestes
569 3410 620 3458 and

124 3477 219 3525 Medea
231 3479 409 3542 respectively3
428 3478 460 3525 cf.
473 3492 495 3541 3.
510 3491 531 3524 2.

156 3558 180 3603 3.
201 3544 343 3593 Saleium:
361 3560 405 3592 see
420 3557 440 3608 5.
455 3558 621 3606 2n.—poe·

123 3616 192 3668 tam,
213 3618 329 3658 vatem:
355 3617 444 3667 ‘valen
470 3611 513 3658 the
537 3610 621 3658 oldest

122 3691 199 3724 name
211 3675 253 3724 for
263 3685 333 3739 poet,
347 3677 496 3725 afterwards
509 3677 571 3724 fell
566 3686 621 3724 into

122 3742 252 3804 complete
272 3751 413 3804 contempt,
433 3743 483 3791 and
502 3759 553 3791 was
574 3743 623 3790 dis·

123 3807 218 3858 carded
228 3808 270 3858 for
276 3816 357 3872 poeta.
394 3810 481 3871 Vergil
500 3807 551 3856 and
567 3824 622 3857 suc-

674 2147 782 2210 ceeding
802 2148 899 2195 writers
920 2147 996 2196 made
1016 2156 1084 2196 vates
1107 2164 1172 2197 once

674 2229 746 2262 more
766 2229 782 2261 a
802 2229 878 2262 name
898 2213 927 2262 of
940 2213 1038 2270 honor,
1060 2214 1110 2262 and
1131 2213 1172 2263 de·

673 2279 754 2329 noted
765 2280 799 2344 by
809 2281 870 2328 itan
882 2279 996 2342 inspired
1008 2279 1079 2337 bard,
1090 2296 1172 2330 some·

674 2347 749 2410 thing
765 2347 858 2409 higher
872 2346 935 2395 than
950 2347 1040 2408 poeta!
1076 2348 1170 2397 Munro

674 2429 708 2461 on
741 2415 842 2462 Lucret.
879 2414 899 2461 1.
936 2413 1170 2473 roa-deducit,

674 2481 789 2538 salutat,
814 2479 1012 2543 prosequitur:
1036 2480 1110 2528 ‘who
1134 2495 1171 2529 es·

673 2556 742 2595 corts
763 2547 816 2594 him
834 2547 902 2594 from
921 2546 960 2594 his
978 2546 1062 2594 house
1080 2556 1107 2595 to
1126 2547 1170 2595 the

675 2615 778 2670 Forum,
795 2615 853 2661 who
871 2629 934 2677 pays
953 2613 992 2661 his
1010 2622 1124 2676 respects
1142 2622 1170 2662 to

673 2680 725 2728 him
744 2681 769 2728 in
788 2681 832 2728 the
850 2681 977 2742 morning,
990 2679 1048 2728 who
1067 2679 1170 2735 attends

673 2747 725 2795 him
738 2755 766 2794 to
779 2746 823 2794 the
835 2755 908 2809 gates
920 2746 994 2794 when
1011 2746 1044 2794 he
1058 2761 1122 2809 goes
1135 2762 1169 2794 on

673 2829 688 2860 a
699 2813 839 2878 joumey?'

705 2896 729 2941 4.
748 2880 908 2943 negotium:
920 2880 946 2926 in
960 2880 1004 2927 the
1016 2880 1083 2941 legal
1094 2895 1169 2928 sense

673 2946 701 2993 of
720 2961 736 2994 a
756 2948 973 2994 lacoraria—non
994 2946 1061 3008 quia
1083 2955 1169 3009 poeta

673 3027 705 3061 es
718 3029 723 3059 :
743 3013 877 3060 Maternus
890 3028 942 3060 was
954 3027 987 3060 an
1000 3012 1126 3060 advocate
1141 3027 1169 3060 as

672 3079 727 3127 well
740 3094 768 3126 as
781 3094 796 3126 a
807 3087 876 3141 poet.
914 3079 965 3126 For
982 3078 1026 3126 the
1043 3078 1094 3126 ind.
1107 3079 1168 3126 with

672 3162 721 3193 nan
739 3147 800 3208 quia
818 3146 843 3192 in
863 3145 950 3193 causal
969 3145 1069 3193 clauses
1085 3145 1168 3193 which

671 3212 738 3275 deny
758 3211 910 3275 absolutely,
932 3227 975 3259 see
994 3210 1169 3260 Gildersleeve

673 3292 727 3341 541,
736 3279 808 3326 Rem.
820 3292 840 3324 1.
869 3279 929 3325 Non
939 3280 1008 3341 quia,
1018 3277 1044 3325 in
1056 3278 1128 3340 place
1141 3277 1170 3325 of

671 3345 715 3392 the
728 3345 817 3392 earlier
833 3361 883 3392 nan
896 3346 969 3408 quad,
982 3344 1072 3407 begins
1090 3353 1118 3392 to
1136 3343 1168 3392 be

670 3411 790 3474 frequent
803 3410 883 3459 about
897 3411 941 3459 the
953 3412 1016 3460 time
1028 3410 1057 3460 of
1069 3411 1140 3475 Livy.

705 3492 728 3539 5.
747 3478 1002 3526 dominascuntur·
1017 3478 1169 3541 apparently

672 3543 845 3606 aproverbial
864 3545 1022 3606 expression.
1058 3543 1099 3591 Cf.
1113 3544 1167 3591 Cic.

672 3612 751 3658 Acad.
763 3611 798 3657 ΙΙ.
808 3609 841 3658 80
850 3612 920 3658 domi
928 3612 996 3658 nabis
1005 3613 1053 3659 ista
1063 3627 1169 3658 nascun-

672 3684 734 3733 tur;
752 3679 789 3725 ad
808 3679 878 3724 Fam
900 3678 947 3725 IX.
967 3691 990 3740 3.
1010 3678 1085 3724 ared
1101 3677 1166 3739 quid

672 3759 713 3804 ego
736 3760 805 3790 nunc
824 3745 884 3790 haec
903 3744 939 3791 ad
956 3751 985 3798 te,
1006 3745 1078 3791 cm'us
1099 3745 1170 3791 domi

673 3817 815 3856 nascuntur
824 3811 1003 3872 r-quorum
1013 3816 1111 3858 tamen
1120 3809 1167 3858 hic

101 1620 103 1627 ,
130 1566 186 1620 aut
173 1559 291 1621 salu
278 1567 327 1621 at
345 1567 401 1621 au
419 1560 655 1641 prosequitur?
699 1559 881 1641 Nempe
855 1580 883 1622 s1
898 1580 1025 1622 amicus
1046 1560 1126 1635 eiuS,
1146 1560 1173 1623 si
1208 1583 1223 1628 4
