2648 4214
478 300 505 348 P.
528 280 708 349 conuuurr
732 301 861 350 raeiri
1136 300 1183 366 [u.
1200 313 1227 359 5-

177 466 317 529 busdam
336 466 458 529 solacio
476 477 537 542 est,
557 468 637 530 mihi
654 478 755 551 auget
773 468 1013 551 quaestionem,
1033 468 1110 551 quia
1126 469 1223 531 video

178 573 279 636 etiam
305 573 443 637 Graecis
467 576 638 651 accidisse,
657 585 694 639 ut
717 576 849 658 longius
872 577 961 640 absit
985 578 1027 640 ab
1051 576 1225 640 Aeschine

178 691 211 744 et
238 682 470 746 Demosthene
498 682 661 746 Sacerdos
687 683 742 747 ille
769 684 907 748 Nicetes
933 694 967 747 et
992 684 1020 746 si
1044 685 1117 768 quis
1142 685 1226 747 alius

179 792 350 872 Ephesum
383 791 435 853 vel
470 791 652 875 Mytilenas
684 801 850 856 concentu
883 791 1158 856 scholasticorum
1192 802 1225 856 et

179 900 377 963 clamoribus
404 898 521 981 quatit,
551 920 650 981 quam
676 898 771 962 Afer*
788 910 844 963 aut
872 900 1054 963 Africanus
1080 909 1137 962 aut
1163 920 1224 963 nos

180 1009 243 1090 ipsi
260 1030 279 1071 a
296 1009 457 1072 Cicerone
474 1018 531 1071 aut
550 1008 671 1071 Asinio
689 1008 909 1072 recessimus'

131 1116 166 1179 16
228 1116 426 1198 ‘Magnam'
462 1117 570 1198 inquit
609 1116 784 1180 Secundus
822 1127 873 1180 ‘et
908 1117 1042 1200 dignam
1078 1125 1224 1180 tractatu

178 1225 408 1312 quaestionem
431 1225 575 1288 movisti.
627 1223 694 1289 Sed
718 1225 791 1308 quis
814 1246 887 1288 eam
911 1225 1030 1288 iustius
1048 1224 1225 1307 explicabit

178 1355 275 1415 quam
293 1343 339 1407 tu,
358 1333 399 1395 ad
416 1332 510 1396 cuius
530 1353 693 1396 summam
712 1334 934 1425 eruditionem
956 1344 989 1396 et
1012 1333 1225 1415 praestantis-

177 1442 297 1504 simum
316 1440 487 1522 ingenium
507 1461 586 1504 cura
603 1462 734 1525 quoque
752 1450 784 1503 et
802 1441 975 1505 meditatio
992 1441 1133 1504 accessit
1147 1440 1177 1503 ?'

131 1571 143 1604 2
226 1551 269 1611 Et
288 1549 447 1611 Messalla
470 1548 663 1631 ‘Aperiam’
686 1549 792 1632 inquit
818 1550 1059 1632 ‘cogitationes
1077 1569 1177 1624 meaS,
1197 1549 1225 1611 si

179 1658 258 1720 illud
276 1679 295 1720 a
310 1658 405 1721 vobis
422 1668 500 1721 ante
520 1659 749 1740 impetravero,
766 1667 801 1721 ut
818 1678 877 1720 vos
891 1678 1023 1740 quoque
1037 1677 1225 1720 sermonem

179 1767 268 1829 hunc
285 1775 436 1828 nostrum
453 1765 639 1829 adiuvetis'

131 1897 145 1947 3
227 1875 308 1936 ‘Pro
337 1873 486 1937 duobus’
516 1874 624 1956 inquit
653 1874 827 1936 Maternus
857 1873 1032 1955 ‘promitto
1048 1893 1055 1949 ;
1087 1893 1164 1935 nam
1191 1882 1224 1934 et

181 2002 242 2064 ego
271 1991 304 2044 et
335 1982 510 2045 Secundus
540 1975 762 2064 exsequemur
788 2001 844 2044 eas
872 1991 992 2063 partes,
1021 2001 1103 2062 quas
1130 1980 1225 2044 intel-

174 2089 357 2152 lexerimus
380 2099 414 2151 te
436 2110 504 2151 non
526 2099 594 2151 tam
617 2084 770 2168 omisisse
795 2109 893 2170 quam
919 2089 1015 2151 nobis
1040 2087 1223 2169 reliquisse.

130 2221 145 2266 4
180 2196 311 2278 Aprum
329 2197 417 2259 enim
436 2198 542 2259 solere
559 2197 740 2259 dissentire
762 2206 795 2258 et
819 2205 856 2258 tu
878 2195 988 2278 paullo
1010 2205 1089 2283 ante
1111 2195 1225 2259 dixisti

179 2314 212 2366 et
237 2305 307 2386 ipse
328 2304 409 2366 satis
429 2304 628 2367 manifestus
652 2313 703 2366 est
727 2303 939 2366 iamdudum
964 2303 997 2364 in
1021 2301 1224 2365 contrarium

179 2412 308 2494 accingi
334 2432 396 2474 nec
422 2432 528 2493 aequo
556 2411 668 2474 animo
697 2411 844 2492 perferre
873 2410 958 2473 hanc
986 2419 1135 2473 nostram
1164 2429 1224 2490 pro

179 2520 392 2602 antiquorum
417 2519 513 2580 laude
538 2517 770 2581 concordiam'

177 2676 324 2739 equivalent
344 2684 371 2723 to
385 2683 512 2737 persaepe,
528 2691 556 2723 as
575 2675 676 2739 usually

176 2743 202 2790 in
216 2743 329 2790 Tacitus.

209 2823 233 2870 5.
258 2809 325 2872 quia
343 2808 444 2856 video:
464 2807 520 2855 ‘the
538 2807 591 2856 fact
611 2808 674 2864 that,

176 2891 204 2924 as
217 2877 227 2922 l
239 2876 299 2924 see'
327 2875 433 2923 Tacitus
444 2874 617 2938 occasionally
625 2889 675 2922 em-

175 2942 250 3006 ploys
262 2944 322 3005 quia
335 2941 378 2988 for
390 2943 458 3004 qnod
469 2949 496 2988 to
508 2940 643 2988 introduce
659 2956 675 2988 a

175 3008 336 3056 substantive
350 3008 444 3062 clause,
458 3023 500 3068 eg.
511 3009 581 3054 Ann.
597 3007 632 3054 II.
642 3022 674 3070 43

178 3076 327 3123 Germanico
333 3075 454 3122 alienatio
463 3075 558 3134 patrui
563 3090 673 3121 amorem

174 3149 241 3202 apua
251 3148 340 3189 ceteros
350 3147 461 3188 auxerat
469 3147 493 3187 ct
502 3142 562 3203 quia
573 3142 675 3187 claritu·
689 3190 692 3195 ,

174 3210 233 3255 dine
256 3209 369 3255 materni
391 3209 493 3268 gecceris
517 3208 676 3254 anteibat—
694 3198 698 3223 '

175 3275 262 3323 etiarn
293 3274 411 3323 Graecis
441 3274 592 3331 accidisse,
612 3281 674 3321 etc:

174 3340 218 3389 the
230 3341 335 3388 writer's
352 3339 436 3388 desire
457 3340 498 3387 lor
517 3340 616 3404 brevity
628 3341 675 3387 has

172 3406 314 3469 prevented
339 3407 383 3454 the
409 3406 503 3468 logical
525 3407 674 3469 expression

173 3473 202 3520 of
213 3474 257 3520 the
271 3474 390 3535 thought,
407 3473 461 3528 viz,
476 3474 533 3520 that
546 3472 590 3521 the
601 3488 673 3521 same

173 3540 323 3602 experience
333 3540 380 3587 has
390 3539 502 3587 befallen
512 3540 556 3587 the
565 3539 672 3596 Greeks,

173 3605 224 3653 and
245 3622 309 3654 even
330 3606 356 3654 in
375 3621 391 3653 a
410 3614 513 3666 greater
530 3605 674 3673 degree.—

174 3673 317 3721 Sacerdos
340 3673 386 3721 ille
411 3673 550 3721 Nicetes:
576 3687 591 3718 a
609 3672 674 3720 rhet·

172 3739 269 3787 orician
283 3739 312 3787 oi
332 3739 449 3803 Smyrna.
486 3739 529 3785 He
542 3738 635 3800 taught
646 3738 673 3785 in

174 3807 265 3862 Rome,
285 3804 338 3854 and
356 3820 408 3852 was
426 3805 470 3852 the
489 3802 675 3852 instructuros

727 2674 770 2723 the
783 2689 899 2738 younger
912 2675 991 2738 Pliny.
1023 2674 1072 2722 See
1086 2674 1160 2739 Pliny
1170 2675 1222 2735 Ep.

727 2741 773 2788 VI.
793 2741 815 2789 6.
834 2756 849 2805 3
867 2757 929 2804 quos
946 2748 1006 2789 tunc
1023 2757 1065 2803 ego
1073 2741 1224 2804 frequenta·

726 2807 790 2863 bam,
806 2807 1005 2866 Quintilianum,
1019 2809 1123 2855 Niceten
1136 2808 1223 2854 Sacer·

725 2875 1022 2936 dolen-Ephesum,
1045 2873 1221 2934 Mytilenas:

725 2940 751 2987 in
764 2941 807 2989 the
820 2941 882 2988 time
891 2940 920 2987 of
932 2941 1069 3002 Augustus
1080 2940 1223 3004 Mytilenae

726 3022 777 3055 was
798 3007 842 3055 the
864 3022 935 3054 more
955 3007 1059 3055 famous
1082 3006 1173 3054 school
1189 3005 1224 3054 'of

726 3073 770 3121 the
778 3081 1025 3122 two-concentu
1036 3073 1222 3122 scholastico·

726 3154 789 3189 rum
809 3148 837 3188 et
855 3140 1039 3198 clamoribus,
1057 3141 1087 3202 by
1104 3141 1145 3187 the
1162 3141 1226 3188 laud
1278 3196 1281 3200 ⁴

725 3208 846 3268 applausc
853 3207 885 3269 of
886 3208 928 3254 his
932 3209 1027 3269 pupils.
1053 3207 1223 3254 Scholasticus

725 3273 747 3320 is
771 3273 909 3321 elsewhere
933 3274 1031 3321 tcacher
1054 3274 1085 3336 os
1104 3273 1221 3329 rhetoric,

725 3356 767 3402 cg.
797 3339 837 3388 26.
870 3341 1080 3387 11.—Asinio:
1110 3354 1153 3386 see
1185 3353 1222 3386 12.

726 3419 774 3467 7n.

757 3469 801 3528 16.
821 3473 1021 3534 quaestionem
1037 3470 1172 3519 movisti:
1189 3471 1223 3519 cf.

725 3553 738 3586 2
742 3551 763 3604 5.
777 3553 786 3586 1
802 3541 916 3587 nominis
927 3540 1122 3588 controversiam
1137 3539 1222 3585 mavit.

756 3621 782 3666 4.
807 3607 869 3669 ipse
899 3606 1073 3655 manifestus
1104 3612 1148 3653 est
1178 3617 1224 3652 ac-

725 3671 811 3735 cingi,
831 3680 894 3720 etc.:
914 3687 930 3719 a
948 3672 1065 3720 Grecism
1081 3670 1124 3718 lor
1142 3674 1224 3718 mani·

725 3739 823 3802 J‘cstum
836 3745 873 3786 cst
888 3740 971 3800 ipsum
990 3738 1091 3800 accingi
1106 3752 1150 3784 nec
1164 3742 1225 3807 W·
1276 3759 1278 3763 ·

723 3805 805 3866 serre.
1163 3819 1201 3855 ,καὶ
