<?xml version="1.0" encoding="UTF-8"?>
<!DOCTYPE html PUBLIC "-//W3C//DTD XHTML 1.0 Transitional//EN"
    "http://www.w3.org/TR/xhtml1/DTD/xhtml1-transitional.dtd">
<html xmlns="http://www.w3.org/1999/xhtml" xml:lang="en" lang="en">
 <head>
  <title>
</title>
<meta http-equiv="Content-Type" content="text/html;charset=utf-8" />
  <meta name='ocr-system' content='tesseract 3.04.00' />
  <meta name='ocr-capabilities' content='ocr_page ocr_carea ocr_par ocr_line ocrx_word'/>
</head>
<body>
  <div class='ocr_page' id='page_1' title='image "./dialogvsdeorato01benngoog_0079.png"; bbox 0 0 2648 4214; ppageno 0'>
   <div class='ocr_carea' id='block_1_1' title="bbox 111 301 1207 360">
    <p class='ocr_par' dir='ltr' id='par_1_1' title="bbox 111 301 1207 360">
     <span class='ocr_line' id='line_1_1' title="bbox 111 301 1207 360; baseline 0.004 -8"><span class='ocrx_word' id='word_1_1' title='bbox 111 310 162 352; x_wconf 66' lang='lat'>³24.</span> <span class='ocrx_word' id='word_1_2' title='bbox 176 301 201 360; x_wconf 89' lang='lat'>4]</span> <span class='ocrx_word' id='word_1_3' title='bbox 385 303 573 352; x_wconf 90' lang='lat' dir='ltr'>DIALOGVS</span> <span class='ocrx_word' id='word_1_4' title='bbox 599 305 649 353; x_wconf 90' lang='lat' dir='ltr'>DE</span> <span class='ocrx_word' id='word_1_5' title='bbox 674 305 919 353; x_wconf 88' lang='lat' dir='ltr'>ORATORIBVS.</span> <span class='ocrx_word' id='word_1_6' title='bbox 1175 306 1207 356; x_wconf 84' lang='lat'>45</span> 
     </span>
    </p>
   </div>
   <div class='ocr_carea' id='block_1_2' title="bbox 113 470 1212 2932">
    <p class='ocr_par' dir='ltr' id='par_1_2' title="bbox 113 470 1160 1095">
     <span class='ocr_line' id='line_1_2' title="bbox 113 470 1156 548; baseline 0.005 -17"><span class='ocrx_word' id='word_1_7' title='bbox 113 470 272 545; x_wconf 76' lang='lat' dir='ltr'>miscetis</span> <span class='ocrx_word' id='word_1_8' title='bbox 307 491 347 534; x_wconf 86' lang='lat' dir='ltr'>ea</span> <span class='ocrx_word' id='word_1_9' title='bbox 378 471 497 534; x_wconf 84' lang='lat' dir='ltr'><strong>electio</strong></span> <span class='ocrx_word' id='word_1_10' title='bbox 535 471 748 547; x_wconf 74' lang='lat' dir='ltr'>inventionis</span> <span class='ocrx_word' id='word_1_11' title='bbox 783 473 811 536; x_wconf 92' lang='lat' dir='ltr'>is</span> <span class='ocrx_word' id='word_1_12' title='bbox 843 474 924 536; x_wconf 93' lang='lat' dir='ltr'>ordo</span> <span class='ocrx_word' id='word_1_13' title='bbox 956 493 1074 548; x_wconf 88' lang='lat' dir='ltr'>rerum,</span> <span class='ocrx_word' id='word_1_14' title='bbox 1109 493 1156 548; x_wconf 88' lang='lat' dir='ltr'>ea,</span> 
     </span>
     <span class='ocr_line' id='line_1_3' title="bbox 114 577 1157 663; baseline 0.004 -24"><span class='ocrx_word' id='word_1_15' title='bbox 114 577 269 659; x_wconf 93' lang='lat' dir='ltr'>quotiens</span> <span class='ocrx_word' id='word_1_16' title='bbox 296 599 399 646; x_wconf 72' lang='lat' dir='ltr'>causa,</span> <span class='ocrx_word' id='word_1_17' title='bbox 421 579 538 660; x_wconf 92' lang='lat' dir='ltr'>poscit,</span> <span class='ocrx_word' id='word_1_18' title='bbox 558 581 703 655; x_wconf 76' lang='lat' dir='ltr'>ubertas</span> <span class='ocrx_word' id='word_1_19' title='bbox 727 601 774 657; x_wconf 89' lang='lat' dir='ltr'>ea,</span> <span class='ocrx_word' id='word_1_20' title='bbox 799 581 954 663; x_wconf 92' lang='lat' dir='ltr'>quotiens</span> <span class='ocrx_word' id='word_1_21' title='bbox 982 581 1157 662; x_wconf 91' lang='lat' dir='ltr'>permittit,</span> 
     </span>
     <span class='ocr_line' id='line_1_4' title="bbox 114 685 1160 770; baseline 0.003 -22"><span class='ocrx_word' id='word_1_22' title='bbox 114 685 269 761; x_wconf 89' lang='lat' dir='ltr'>brevitas,</span> <span class='ocrx_word' id='word_1_23' title='bbox 288 686 316 748; x_wconf 92' lang='lat' dir='ltr'>is</span> <span class='ocrx_word' id='word_1_24' title='bbox 334 687 587 769; x_wconf 89' lang='lat' dir='ltr'>compositionis</span> <span class='ocrx_word' id='word_1_25' title='bbox 605 690 713 763; x_wconf 88' lang='lat' dir='ltr'>decor,</span> <span class='ocrx_word' id='word_1_26' title='bbox 733 708 772 751; x_wconf 89' lang='lat' dir='ltr'>ea</span> <span class='ocrx_word' id='word_1_27' title='bbox 794 690 1036 751; x_wconf 89' lang='lat' dir='ltr'>sententiarum</span> <span class='ocrx_word' id='word_1_28' title='bbox 1058 689 1160 770; x_wconf 91' lang='lat' dir='ltr'>plani-</span> 
     </span>
     <span class='ocr_line' id='line_1_5' title="bbox 114 795 1160 879; baseline 0.005 -23"><span class='ocrx_word' id='word_1_29' title='bbox 114 803 166 856; x_wconf 86' lang='lat' dir='ltr'>tas</span> <span class='ocrx_word' id='word_1_30' title='bbox 183 803 244 868; x_wconf 89' lang='lat' dir='ltr'>est,</span> <span class='ocrx_word' id='word_1_31' title='bbox 265 795 312 858; x_wconf 89' lang='lat' dir='ltr'>sic</span> <span class='ocrx_word' id='word_1_32' title='bbox 330 796 513 877; x_wconf 86' lang='lat' dir='ltr'>exprimitis</span> <span class='ocrx_word' id='word_1_33' title='bbox 538 797 701 873; x_wconf 83' lang='lat' dir='ltr'>adfectus,</span> <span class='ocrx_word' id='word_1_34' title='bbox 722 797 769 860; x_wconf 91' lang='lat' dir='ltr'>sic</span> <span class='ocrx_word' id='word_1_35' title='bbox 786 796 974 860; x_wconf 89' lang='lat' dir='ltr'>libertatem</span> <span class='ocrx_word' id='word_1_36' title='bbox 999 806 1160 879; x_wconf 90' lang='lat' dir='ltr'>tempera-</span> 
     </span>
     <span class='ocr_line' id='line_1_6' title="bbox 114 902 1160 986; baseline 0.004 -22"><span class='ocrx_word' id='word_1_37' title='bbox 114 902 158 964; x_wconf 88' lang='lat' dir='ltr'>tis</span> <span class='ocrx_word' id='word_1_38' title='bbox 188 913 234 978; x_wconf 94' lang='lat' dir='ltr'>ut,</span> <span class='ocrx_word' id='word_1_39' title='bbox 265 903 365 966; x_wconf 88' lang='lat' dir='ltr'>etiam</span> <span class='ocrx_word' id='word_1_40' title='bbox 395 904 423 966; x_wconf 90' lang='lat' dir='ltr'>si</span> <span class='ocrx_word' id='word_1_41' title='bbox 455 913 571 967; x_wconf 91' lang='lat' dir='ltr'>nostra</span> <span class='ocrx_word' id='word_1_42' title='bbox 602 905 723 968; x_wconf 89' lang='lat' dir='ltr'>iudicia</span> <span class='ocrx_word' id='word_1_43' title='bbox 751 904 941 986; x_wconf 84' lang='lat' dir='ltr'>malignitas</span> <span class='ocrx_word' id='word_1_44' title='bbox 969 914 1003 967; x_wconf 87' lang='lat' dir='ltr'>et</span> <span class='ocrx_word' id='word_1_45' title='bbox 1036 905 1160 968; x_wconf 91' lang='lat' dir='ltr'>invidia</span> 
     </span>
     <span class='ocr_line' id='line_1_7' title="bbox 114 1011 1116 1095; baseline 0.003 -23"><span class='ocrx_word' id='word_1_46' title='bbox 114 1011 304 1086; x_wconf 86' lang='lat' dir='ltr'>tardaverit,</span> <span class='ocrx_word' id='word_1_47' title='bbox 322 1033 439 1074; x_wconf 90' lang='lat' dir='ltr'>verum</span> <span class='ocrx_word' id='word_1_48' title='bbox 455 1014 496 1076; x_wconf 85' lang='lat' dir='ltr'>de</span> <span class='ocrx_word' id='word_1_49' title='bbox 513 1013 608 1076; x_wconf 87' lang='lat' dir='ltr'>vobis</span> <span class='ocrx_word' id='word_1_50' title='bbox 625 1013 746 1076; x_wconf 92' lang='lat' dir='ltr'>dicturi</span> <span class='ocrx_word' id='word_1_51' title='bbox 764 1013 831 1075; x_wconf 88' lang='lat' dir='ltr'>sint</span> <span class='ocrx_word' id='word_1_52' title='bbox 848 1013 974 1095; x_wconf 86' lang='lat' dir='ltr'>posteri</span> <span class='ocrx_word' id='word_1_53' title='bbox 991 1012 1116 1077; x_wconf 82' lang='lat' dir='ltr'>nostri’</span> 
     </span>
    </p>

    <p class='ocr_par' dir='ltr' id='par_1_3' title="bbox 116 1119 1212 2932">
     <span class='ocr_line' id='line_1_8' title="bbox 161 1119 1211 1204; baseline 0.001 -22"><span class='ocrx_word' id='word_1_54' title='bbox 161 1119 257 1202; x_wconf 83' lang='lat' dir='ltr'>Quae</span> <span class='ocrx_word' id='word_1_55' title='bbox 294 1141 369 1184; x_wconf 91' lang='lat' dir='ltr'>cum</span> <span class='ocrx_word' id='word_1_56' title='bbox 402 1121 497 1201; x_wconf 88' lang='lat' dir='ltr'>Aper</span> <span class='ocrx_word' id='word_1_57' title='bbox 530 1121 678 1195; x_wconf 86' lang='lat' dir='ltr'>dixisset,</span> <span class='ocrx_word' id='word_1_58' title='bbox 715 1121 1017 1202; x_wconf 86' lang='lat' dir='ltr'>‘Adgnoscitisne&#39;</span> <span class='ocrx_word' id='word_1_59' title='bbox 1052 1122 1159 1204; x_wconf 93' lang='lat' dir='ltr'>inquit</span> <span class='ocrx_word' id='word_1_60' title='bbox 1172 1121 1211 1183; x_wconf 88' lang='grc'>24</span> 
     </span>
     <span class='ocr_line' id='line_1_9' title="bbox 117 1229 1162 1312; baseline 0.004 -23"><span class='ocrx_word' id='word_1_61' title='bbox 117 1229 292 1290; x_wconf 88' lang='lat' dir='ltr'>Maternus</span> <span class='ocrx_word' id='word_1_62' title='bbox 328 1229 412 1290; x_wconf 85' lang='lat' dir='ltr'>‘vim</span> <span class='ocrx_word' id='word_1_63' title='bbox 441 1239 475 1290; x_wconf 90' lang='lat' dir='ltr'>et</span> <span class='ocrx_word' id='word_1_64' title='bbox 504 1230 655 1291; x_wconf 90' lang='lat' dir='ltr'>ardorem</span> <span class='ocrx_word' id='word_1_65' title='bbox 685 1229 771 1311; x_wconf 86' lang='lat' dir='ltr'>Apri</span> <span class='ocrx_word' id='word_1_66' title='bbox 800 1230 930 1292; x_wconf 90' lang='lat' dir='ltr'>nostri?</span> <span class='ocrx_word' id='word_1_67' title='bbox 993 1231 1110 1312; x_wconf 84' lang='lat' dir='ltr'>Quot</span> <span class='ocrx_word' id='word_1_68' title='bbox 1113 1251 1162 1293; x_wconf 93' lang='lat' dir='ltr'>or-</span> 
     </span>
     <span class='ocr_line' id='line_1_10' title="bbox 116 1337 1160 1421; baseline 0.004 -24"><span class='ocrx_word' id='word_1_69' title='bbox 116 1346 220 1410; x_wconf 90' lang='lat' dir='ltr'>rente,</span> <span class='ocrx_word' id='word_1_70' title='bbox 240 1357 305 1418; x_wconf 93' lang='lat' dir='ltr'>quo</span> <span class='ocrx_word' id='word_1_71' title='bbox 324 1337 451 1417; x_wconf 91' lang='lat' dir='ltr'>impetu</span> <span class='ocrx_word' id='word_1_72' title='bbox 414 1338 638 1400; x_wconf 89' lang='lat' dir='ltr'>tusaeculum</span> <span class='ocrx_word' id='word_1_73' title='bbox 656 1346 808 1400; x_wconf 91' lang='lat' dir='ltr'>nostrum</span> <span class='ocrx_word' id='word_1_74' title='bbox 826 1338 1001 1401; x_wconf 85' lang='lat' dir='ltr'>defendit!</span> <span class='ocrx_word' id='word_1_75' title='bbox 1051 1338 1160 1421; x_wconf 85' lang='lat' dir='ltr'>Quam</span> 
     </span>
     <span class='ocr_line' id='line_1_11' title="bbox 116 1445 1160 1529; baseline 0.001 -22"><span class='ocrx_word' id='word_1_76' title='bbox 116 1445 249 1526; x_wconf 90' lang='lat' dir='ltr'>copiose</span> <span class='ocrx_word' id='word_1_77' title='bbox 269 1465 307 1507; x_wconf 90' lang='lat' dir='ltr'>ac</span> <span class='ocrx_word' id='word_1_78' title='bbox 323 1445 413 1507; x_wconf 89' lang='lat' dir='ltr'>varie</span> <span class='ocrx_word' id='word_1_79' title='bbox 430 1445 560 1507; x_wconf 91' lang='lat' dir='ltr'>vexavit</span> <span class='ocrx_word' id='word_1_80' title='bbox 583 1446 763 1528; x_wconf 92' lang='lat' dir='ltr'>antiquos</span> <span class='ocrx_word' id='word_1_81' title='bbox 758 1448 763 1493; x_wconf 80' lang='lat' dir='ltr'>l</span> <span class='ocrx_word' id='word_1_82' title='bbox 813 1446 950 1529; x_wconf 84' lang='lat' dir='ltr'>Quanto</span> <span class='ocrx_word' id='word_1_83' title='bbox 968 1467 1034 1508; x_wconf 95' lang='lat' dir='ltr'>non</span> <span class='ocrx_word' id='word_1_84' title='bbox 1054 1447 1160 1509; x_wconf 93' lang='lat' dir='ltr'>solum</span> 
     </span>
     <span class='ocr_line' id='line_1_12' title="bbox 117 1553 1161 1636; baseline 0.002 -22"><span class='ocrx_word' id='word_1_85' title='bbox 117 1553 251 1634; x_wconf 80' lang='lat' dir='ltr'>ingenio</span> <span class='ocrx_word' id='word_1_86' title='bbox 269 1573 307 1617; x_wconf 88' lang='lat' dir='ltr'>ac</span> <span class='ocrx_word' id='word_1_87' title='bbox 325 1553 454 1634; x_wconf 91' lang='lat' dir='ltr'>spiritu,</span> <span class='ocrx_word' id='word_1_88' title='bbox 474 1555 532 1616; x_wconf 92' lang='lat' dir='ltr'>sed</span> <span class='ocrx_word' id='word_1_89' title='bbox 553 1554 654 1616; x_wconf 89' lang='lat' dir='ltr'>etiam</span> <span class='ocrx_word' id='word_1_90' title='bbox 677 1554 865 1616; x_wconf 90' lang='lat' dir='ltr'>eruditione</span> <span class='ocrx_word' id='word_1_91' title='bbox 882 1563 915 1616; x_wconf 93' lang='lat' dir='ltr'>et</span> <span class='ocrx_word' id='word_1_92' title='bbox 934 1563 1005 1616; x_wconf 90' lang='lat' dir='ltr'>arte</span> <span class='ocrx_word' id='word_1_93' title='bbox 1022 1555 1063 1617; x_wconf 92' lang='lat' dir='ltr'>ab</span> <span class='ocrx_word' id='word_1_94' title='bbox 1080 1555 1161 1636; x_wconf 90' lang='lat' dir='ltr'>ipsis</span> 
     </span>
     <span class='ocr_line' id='line_1_13' title="bbox 116 1662 1211 1743; baseline 0.004 -21"><span class='ocrx_word' id='word_1_95' title='bbox 116 1671 289 1724; x_wconf 91' lang='lat' dir='ltr'>mutuatus</span> <span class='ocrx_word' id='word_1_96' title='bbox 307 1671 367 1735; x_wconf 91' lang='lat' dir='ltr'>est,</span> <span class='ocrx_word' id='word_1_97' title='bbox 387 1682 446 1743; x_wconf 93' lang='lat' dir='ltr'>per</span> <span class='ocrx_word' id='word_1_98' title='bbox 468 1681 552 1743; x_wconf 88' lang='lat' dir='ltr'>quae</span> <span class='ocrx_word' id='word_1_99' title='bbox 577 1683 652 1724; x_wconf 91' lang='lat' dir='ltr'>mox</span> <span class='ocrx_word' id='word_1_100' title='bbox 678 1662 769 1743; x_wconf 92' lang='lat' dir='ltr'>ipsos</span> <span class='ocrx_word' id='word_1_101' title='bbox 794 1662 1002 1725; x_wconf 86' lang='lat' dir='ltr'>incesseret!</span> <span class='ocrx_word' id='word_1_102' title='bbox 1050 1663 1161 1725; x_wconf 93' lang='lat' dir='ltr'>Tuum</span> <span class='ocrx_word' id='word_1_103' title='bbox 1198 1693 1211 1726; x_wconf 84' lang='lat'>2</span> 
     </span>
     <span class='ocr_line' id='line_1_14' title="bbox 116 1769 1160 1851; baseline 0.002 -21"><span class='ocrx_word' id='word_1_104' title='bbox 116 1779 239 1844; x_wconf 86' lang='lat' dir='ltr'>tamen,</span> <span class='ocrx_word' id='word_1_105' title='bbox 275 1770 442 1845; x_wconf 89' lang='lat' dir='ltr'>Messalla,</span> <span class='ocrx_word' id='word_1_106' title='bbox 474 1769 674 1851; x_wconf 91' lang='lat' dir='ltr'>promissum</span> <span class='ocrx_word' id='word_1_107' title='bbox 709 1770 905 1833; x_wconf 88' lang='lat' dir='ltr'>immutasse</span> <span class='ocrx_word' id='word_1_108' title='bbox 937 1792 1005 1833; x_wconf 93' lang='lat' dir='ltr'>non</span> <span class='ocrx_word' id='word_1_109' title='bbox 1038 1771 1160 1848; x_wconf 83' lang='lat' dir='ltr'>debet3</span> 
     </span>
     <span class='ocr_line' id='line_1_15' title="bbox 118 1878 1162 1967; baseline 0.003 -28"><span class='ocrx_word' id='word_1_110' title='bbox 118 1898 229 1967; x_wconf 88' lang='lat' dir='ltr'>neque</span> <span class='ocrx_word' id='word_1_111' title='bbox 265 1878 353 1941; x_wconf 91' lang='lat' dir='ltr'>enim</span> <span class='ocrx_word' id='word_1_112' title='bbox 390 1878 602 1940; x_wconf 83' lang='lat' dir='ltr'>defensorem</span> <span class='ocrx_word' id='word_1_113' title='bbox 639 1878 851 1960; x_wconf 89' lang='lat' dir='ltr'>antiquorum</span> <span class='ocrx_word' id='word_1_114' title='bbox 888 1879 1061 1960; x_wconf 73' lang='lat' dir='ltr'>exigimus</span> <span class='ocrx_word' id='word_1_115' title='bbox 1100 1899 1162 1943; x_wconf 91' lang='lat' dir='ltr'>nec</span> 
     </span>
     <span class='ocr_line' id='line_1_16' title="bbox 117 1986 1160 2068; baseline 0.002 -21"><span class='ocrx_word' id='word_1_116' title='bbox 117 2006 317 2068; x_wconf 87' lang='lat' dir='ltr'>quemquam</span> <span class='ocrx_word' id='word_1_117' title='bbox 344 1995 505 2060; x_wconf 93' lang='lat' dir='ltr'>nostrum,</span> <span class='ocrx_word' id='word_1_118' title='bbox 532 2006 732 2068; x_wconf 81' lang='lat' dir='ltr'>quamquam</span> <span class='ocrx_word' id='word_1_119' title='bbox 761 1987 858 2048; x_wconf 91' lang='lat' dir='ltr'>modo</span> <span class='ocrx_word' id='word_1_120' title='bbox 885 1986 1010 2049; x_wconf 88' lang='lat' dir='ltr'>laudati</span> <span class='ocrx_word' id='word_1_121' title='bbox 1035 2007 1160 2062; x_wconf 90' lang='lat' dir='ltr'>sumus,</span> 
     </span>
     <span class='ocr_line' id='line_1_17' title="bbox 117 2093 1212 2183; baseline 0.003 -28"><span class='ocrx_word' id='word_1_122' title='bbox 117 2093 157 2156; x_wconf 92' lang='lat' dir='ltr'>iis</span> <span class='ocrx_word' id='word_1_123' title='bbox 188 2115 272 2176; x_wconf 94' lang='lat' dir='ltr'>quos</span> <span class='ocrx_word' id='word_1_124' title='bbox 305 2094 490 2158; x_wconf 84' lang='lat' dir='ltr'>insectatus</span> <span class='ocrx_word' id='word_1_125' title='bbox 523 2102 574 2156; x_wconf 93' lang='lat' dir='ltr'>est</span> <span class='ocrx_word' id='word_1_126' title='bbox 607 2094 701 2174; x_wconf 90' lang='lat' dir='ltr'>Aper</span> <span class='ocrx_word' id='word_1_127' title='bbox 733 2114 971 2175; x_wconf 83' lang='lat' dir='ltr'>comparamus</span> <span class='ocrx_word' id='word_1_128' title='bbox 1026 2095 1087 2183; x_wconf 16' lang='lat' dir='ltr'>‘Ac</span> <span class='ocrx_word' id='word_1_129' title='bbox 1120 2115 1162 2158; x_wconf 92' lang='lat' dir='ltr'>ne</span> <span class='ocrx_word' id='word_1_130' title='bbox 1197 2120 1212 2168; x_wconf 85' lang='lat'>3</span> 
     </span>
     <span class='ocr_line' id='line_1_18' title="bbox 117 2201 1162 2284; baseline 0.004 -21"><span class='ocrx_word' id='word_1_131' title='bbox 117 2201 187 2283; x_wconf 90' lang='lat' dir='ltr'>ipse</span> <span class='ocrx_word' id='word_1_132' title='bbox 212 2202 345 2284; x_wconf 90' lang='lat' dir='ltr'>quidem</span> <span class='ocrx_word' id='word_1_133' title='bbox 372 2203 420 2265; x_wconf 91' lang='lat' dir='ltr'>ita</span> <span class='ocrx_word' id='word_1_134' title='bbox 446 2202 559 2276; x_wconf 91' lang='lat' dir='ltr'>sentit,</span> <span class='ocrx_word' id='word_1_135' title='bbox 587 2202 645 2264; x_wconf 89' lang='lat' dir='ltr'>sed</span> <span class='ocrx_word' id='word_1_136' title='bbox 672 2222 763 2265; x_wconf 86' lang='lat' dir='ltr'>more</span> <span class='ocrx_word' id='word_1_137' title='bbox 788 2211 902 2264; x_wconf 93' lang='lat' dir='ltr'>vetere</span> <span class='ocrx_word' id='word_1_138' title='bbox 929 2211 962 2265; x_wconf 90' lang='lat' dir='ltr'>et</span> <span class='ocrx_word' id='word_1_139' title='bbox 991 2223 1010 2265; x_wconf 89' lang='lat' dir='ltr'>a</span> <span class='ocrx_word' id='word_1_140' title='bbox 1039 2205 1162 2267; x_wconf 91' lang='lat' dir='ltr'>nostris</span> 
     </span>
     <span class='ocr_line' id='line_1_19' title="bbox 116 2310 1162 2392; baseline 0.002 -21"><span class='ocrx_word' id='word_1_141' title='bbox 116 2310 323 2392; x_wconf 91' lang='lat' dir='ltr'>philosophis</span> <span class='ocrx_word' id='word_1_142' title='bbox 344 2331 442 2392; x_wconf 86' lang='lat' dir='ltr'>saepe</span> <span class='ocrx_word' id='word_1_143' title='bbox 462 2311 629 2374; x_wconf 90' lang='lat' dir='ltr'>celebrato</span> <span class='ocrx_word' id='word_1_144' title='bbox 648 2310 791 2391; x_wconf 92' lang='lat' dir='ltr'>sumpsit</span> <span class='ocrx_word' id='word_1_145' title='bbox 812 2310 875 2372; x_wconf 93' lang='lat' dir='ltr'>sibi</span> <span class='ocrx_word' id='word_1_146' title='bbox 896 2321 1013 2374; x_wconf 89' lang='lat' dir='ltr'>contra</span> <span class='ocrx_word' id='word_1_147' title='bbox 1029 2311 1162 2374; x_wconf 90' lang='lat' dir='ltr'>dicendi</span> 
     </span>
     <span class='ocr_line' id='line_1_20' title="bbox 116 2418 1212 2501; baseline 0.002 -21"><span class='ocrx_word' id='word_1_148' title='bbox 116 2428 239 2499; x_wconf 87' lang='lat' dir='ltr'>partes.</span> <span class='ocrx_word' id='word_1_149' title='bbox 298 2418 407 2500; x_wconf 82' lang='lat' dir='ltr'>igitur</span> <span class='ocrx_word' id='word_1_150' title='bbox 435 2438 591 2501; x_wconf 89' lang='lat' dir='ltr'>exprome</span> <span class='ocrx_word' id='word_1_151' title='bbox 616 2418 713 2481; x_wconf 88' lang='lat' dir='ltr'>nobis</span> <span class='ocrx_word' id='word_1_152' title='bbox 738 2439 805 2480; x_wconf 93' lang='lat' dir='ltr'>non</span> <span class='ocrx_word' id='word_1_153' title='bbox 830 2418 1056 2482; x_wconf 89' lang='lat' dir='ltr'>laudationem</span> <span class='ocrx_word' id='word_1_154' title='bbox 1080 2420 1162 2482; x_wconf 90' lang='lat' dir='ltr'>anti·</span> <span class='ocrx_word' id='word_1_155' title='bbox 1197 2443 1212 2489; x_wconf 87' lang='lat'>4</span> 
     </span>
     <span class='ocr_line' id='line_1_21' title="bbox 117 2526 1161 2613; baseline 0.002 -25"><span class='ocrx_word' id='word_1_156' title='bbox 117 2547 257 2608; x_wconf 93' lang='lat' dir='ltr'>quorum</span> <span class='ocrx_word' id='word_1_157' title='bbox 280 2527 375 2613; x_wconf 84' lang='lat' dir='ltr'>(satis</span> <span class='ocrx_word' id='word_1_158' title='bbox 397 2527 486 2589; x_wconf 93' lang='lat' dir='ltr'>enim</span> <span class='ocrx_word' id='word_1_159' title='bbox 510 2527 584 2589; x_wconf 94' lang='lat' dir='ltr'>illos</span> <span class='ocrx_word' id='word_1_160' title='bbox 608 2526 698 2588; x_wconf 83' lang='lat' dir='ltr'>fama</span> <span class='ocrx_word' id='word_1_161' title='bbox 722 2547 782 2589; x_wconf 92' lang='lat' dir='ltr'>sua</span> <span class='ocrx_word' id='word_1_162' title='bbox 805 2527 941 2609; x_wconf 86' lang='lat' dir='ltr'>laudat),</span> <span class='ocrx_word' id='word_1_163' title='bbox 961 2529 1020 2590; x_wconf 92' lang='lat' dir='ltr'>sed</span> <span class='ocrx_word' id='word_1_164' title='bbox 1045 2549 1161 2590; x_wconf 89' lang='lat' dir='ltr'>causas</span> 
     </span>
     <span class='ocr_line' id='line_1_22' title="bbox 117 2622 1162 2717; baseline 0.002 -21"><span class='ocrx_word' id='word_1_165' title='bbox 117 2655 176 2697; x_wconf 90' lang='lat' dir='ltr'>cur</span> <span class='ocrx_word' id='word_1_166' title='bbox 201 2622 338 2697; x_wconf 84' lang='lat' dir='ltr'>¹tantum</span> <span class='ocrx_word' id='word_1_167' title='bbox 371 2636 413 2698; x_wconf 88' lang='lat' dir='ltr'>ab</span> <span class='ocrx_word' id='word_1_168' title='bbox 446 2633 636 2717; x_wconf 89' lang='lat' dir='ltr'>eloquentia</span> <span class='ocrx_word' id='word_1_169' title='bbox 665 2655 779 2697; x_wconf 91' lang='lat' dir='ltr'>eorum</span> <span class='ocrx_word' id='word_1_170' title='bbox 808 2623 1055 2710; x_wconf 87' lang='lat' dir='ltr'>recesserimus,</span> <span class='ocrx_word' id='word_1_171' title='bbox 1086 2657 1162 2698; x_wconf 89' lang='lat' dir='ltr'>cum</span> 
     </span>
     <span class='ocr_line' id='line_1_23' title="bbox 117 2742 1162 2824; baseline 0.003 -20"><span class='ocrx_word' id='word_1_172' title='bbox 117 2743 314 2824; x_wconf 90' lang='lat' dir='ltr'>praesertim</span> <span class='ocrx_word' id='word_1_173' title='bbox 333 2753 468 2807; x_wconf 90' lang='lat' dir='ltr'>centum</span> <span class='ocrx_word' id='word_1_174' title='bbox 486 2751 520 2805; x_wconf 93' lang='lat' dir='ltr'>et</span> <span class='ocrx_word' id='word_1_175' title='bbox 536 2742 657 2824; x_wconf 92' lang='lat' dir='ltr'>viginti</span> <span class='ocrx_word' id='word_1_176' title='bbox 679 2763 785 2805; x_wconf 91' lang='lat' dir='ltr'>annos</span> <span class='ocrx_word' id='word_1_177' title='bbox 807 2744 849 2806; x_wconf 91' lang='lat' dir='ltr'>ab</span> <span class='ocrx_word' id='word_1_178' title='bbox 873 2743 1010 2805; x_wconf 93' lang='lat' dir='ltr'>interitu</span> <span class='ocrx_word' id='word_1_179' title='bbox 1032 2743 1162 2807; x_wconf 89' lang='lat' dir='ltr'>Cicero-</span> 
     </span>
     <span class='ocr_line' id='line_1_24' title="bbox 116 2850 898 2932; baseline 0.001 -20"><span class='ocrx_word' id='word_1_180' title='bbox 116 2851 168 2912; x_wconf 91' lang='lat' dir='ltr'>nis</span> <span class='ocrx_word' id='word_1_181' title='bbox 186 2851 219 2913; x_wconf 94' lang='lat' dir='ltr'>in</span> <span class='ocrx_word' id='word_1_182' title='bbox 236 2851 325 2914; x_wconf 92' lang='lat' dir='ltr'>hunc</span> <span class='ocrx_word' id='word_1_183' title='bbox 343 2852 430 2914; x_wconf 90' lang='lat' dir='ltr'>diem</span> <span class='ocrx_word' id='word_1_184' title='bbox 448 2850 569 2914; x_wconf 90' lang='lat' dir='ltr'>efficiat</span> <span class='ocrx_word' id='word_1_185' title='bbox 587 2850 671 2913; x_wconf 91' lang='lat' dir='ltr'>ratio</span> <span class='ocrx_word' id='word_1_186' title='bbox 689 2851 898 2932; x_wconf 87' lang='lat' dir='ltr'>temporum’</span> 
     </span>
    </p>
   </div>
   <div class='ocr_carea' id='block_1_3' title="bbox 53 2992 1212 3592">
    <p class='ocr_par' dir='ltr' id='par_1_4' title="bbox 115 2992 1212 3256">
     <span class='ocr_line' id='line_1_25' title="bbox 116 2992 1162 3056; baseline 0.001 -16"><span class='ocrx_word' id='word_1_187' title='bbox 116 2992 250 3054; x_wconf 86' lang='lat' dir='ltr'>planitas,</span> <span class='ocrx_word' id='word_1_188' title='bbox 268 2994 392 3040; x_wconf 81' lang='lat' dir='ltr'>claarness</span> <span class='ocrx_word' id='word_1_189' title='bbox 399 3008 411 3050; x_wconf 90' lang='lat'><em>;</em></span> <span class='ocrx_word' id='word_1_190' title='bbox 429 2993 490 3056; x_wconf 89' lang='lat' dir='ltr'>only</span> <span class='ocrx_word' id='word_1_191' title='bbox 506 2992 567 3040; x_wconf 89' lang='lat' dir='ltr'>here</span> <span class='ocrx_word' id='word_1_192' title='bbox 586 2992 612 3039; x_wconf 89' lang='lat' dir='ltr'>in</span> <span class='ocrx_word' id='word_1_193' title='bbox 696 3006 720 3040; x_wconf 81' lang='lat' dir='ltr'>a.</span> <span class='ocrx_word' id='word_1_194' title='bbox 746 3001 829 3041; x_wconf 88' lang='lat' dir='ltr'>tuum</span> <span class='ocrx_word' id='word_1_195' title='bbox 845 2993 1031 3055; x_wconf 89' lang='lat' dir='ltr'>promissum,</span> <span class='ocrx_word' id='word_1_196' title='bbox 1045 3001 1109 3041; x_wconf 83' lang='lat' dir='ltr'>etc:</span> <span class='ocrx_word' id='word_1_197' title='bbox 1128 2994 1162 3042; x_wconf 88' lang='lat' dir='ltr'>‘it</span> 
     </span>
     <span class='ocr_line' id='line_1_26' title="bbox 115 3058 1160 3122; baseline 0.001 -16"><span class='ocrx_word' id='word_1_198' title='bbox 115 3058 167 3107; x_wconf 87' lang='lat' dir='ltr'>this</span> <span class='ocrx_word' id='word_1_199' title='bbox 175 3059 307 3118; x_wconf 74' lang='lat' dir='ltr'>sense5cf.</span> <span class='ocrx_word' id='word_1_200' title='bbox 317 3060 371 3106; x_wconf 84' lang='lat' dir='ltr'>Cic.</span> <span class='ocrx_word' id='word_1_201' title='bbox 384 3061 512 3122; x_wconf 78' lang='lat' dir='ltr'>Tapica97</span> <span class='ocrx_word' id='word_1_202' title='bbox 523 3074 613 3106; x_wconf 88' lang='lat' dir='ltr'>narra·</span> <span class='ocrx_word' id='word_1_203' title='bbox 663 3066 760 3107; x_wconf 88' lang='lat' dir='ltr'>cannot</span> <span class='ocrx_word' id='word_1_204' title='bbox 784 3058 816 3106; x_wconf 91' lang='lat' dir='ltr'>be</span> <span class='ocrx_word' id='word_1_205' title='bbox 839 3059 896 3106; x_wconf 90' lang='lat' dir='ltr'>that</span> <span class='ocrx_word' id='word_1_206' title='bbox 925 3060 958 3107; x_wconf 90' lang='lat' dir='ltr'>he</span> <span class='ocrx_word' id='word_1_207' title='bbox 984 3058 1032 3107; x_wconf 90' lang='lat' dir='ltr'>has</span> <span class='ocrx_word' id='word_1_208' title='bbox 1060 3059 1160 3108; x_wconf 86' lang='lat' dir='ltr'>shaken</span> 
     </span>
     <span class='ocr_line' id='line_1_27' title="bbox 115 3125 1212 3188; baseline 0.002 -16"><span class='ocrx_word' id='word_1_209' title='bbox 115 3127 194 3173; x_wconf 84' lang='lat' dir='ltr'>tiones</span> <span class='ocrx_word' id='word_1_210' title='bbox 218 3133 247 3173; x_wconf 88' lang='lat' dir='ltr'>ut</span> <span class='ocrx_word' id='word_1_211' title='bbox 266 3127 364 3187; x_wconf 79' lang='lat' dir='ltr'>planae</span> <span class='ocrx_word' id='word_1_212' title='bbox 388 3128 446 3173; x_wconf 83' lang='lat' dir='ltr'>sint.</span> <span class='ocrx_word' id='word_1_213' title='bbox 463 3153 496 3159; x_wconf 96' lang='lat'>——</span> <span class='ocrx_word' id='word_1_214' title='bbox 514 3132 612 3173; x_wconf 83' lang='lat' dir='ltr'>nostra</span> <span class='ocrx_word' id='word_1_215' title='bbox 664 3139 729 3188; x_wconf 87' lang='lat' dir='ltr'>your</span> <span class='ocrx_word' id='word_1_216' title='bbox 740 3125 900 3173; x_wconf 64' lang='lat' dir='ltr'>resolution!</span> <span class='ocrx_word' id='word_1_217' title='bbox 928 3127 979 3173; x_wconf 94' lang='lat' dir='ltr'>For</span> <span class='ocrx_word' id='word_1_218' title='bbox 991 3126 1035 3174; x_wconf 89' lang='lat' dir='ltr'>the</span> <span class='ocrx_word' id='word_1_219' title='bbox 1047 3126 1161 3188; x_wconf 87' lang='lat' dir='ltr'>promise</span> <span class='ocrx_word' id='word_1_220' title='bbox 1205 3148 1212 3163; x_wconf 53' lang='lat' dir='ltr'>x</span> 
     </span>
     <span class='ocr_line' id='line_1_28' title="bbox 115 3190 795 3256; baseline 0.001 -17"><span class='ocrx_word' id='word_1_221' title='bbox 115 3192 233 3241; x_wconf 89' lang='lat' dir='ltr'>iudicia.</span> <span class='ocrx_word' id='word_1_222' title='bbox 251 3194 289 3240; x_wconf 85' lang='lat' dir='ltr'>i..e</span> <span class='ocrx_word' id='word_1_223' title='bbox 306 3192 350 3241; x_wconf 91' lang='lat' dir='ltr'>the</span> <span class='ocrx_word' id='word_1_224' title='bbox 367 3191 505 3256; x_wconf 87' lang='lat' dir='ltr'>judgment</span> <span class='ocrx_word' id='word_1_225' title='bbox 523 3191 551 3239; x_wconf 83' lang='lat' dir='ltr'>of</span> <span class='ocrx_word' id='word_1_226' title='bbox 568 3191 613 3239; x_wconf 90' lang='lat' dir='ltr'>the</span> <span class='ocrx_word' id='word_1_227' title='bbox 663 3206 707 3239; x_wconf 88' lang='lat' dir='ltr'>see</span> <span class='ocrx_word' id='word_1_228' title='bbox 722 3190 758 3240; x_wconf 90' lang='lat'>16.</span> <span class='ocrx_word' id='word_1_229' title='bbox 773 3206 795 3256; x_wconf 83' lang='lat'>3.</span> 
     </span>
    </p>

    <p class='ocr_par' dir='ltr' id='par_1_5' title="bbox 111 3258 1162 3324">
     <span class='ocr_line' id='line_1_29' title="bbox 111 3258 1162 3324; baseline 0.001 -18"><span class='ocrx_word' id='word_1_230' title='bbox 111 3267 216 3321; x_wconf 90' lang='lat' dir='ltr'>present</span> <span class='ocrx_word' id='word_1_231' title='bbox 229 3258 286 3324; x_wconf 92' lang='lat' dir='ltr'>day</span> <span class='ocrx_word' id='word_1_232' title='bbox 696 3273 721 3318; x_wconf 78' lang='grc'>3.</span> <span class='ocrx_word' id='word_1_233' title='bbox 746 3272 835 3322; x_wconf 84' lang='lat' dir='ltr'>saepe</span> <span class='ocrx_word' id='word_1_234' title='bbox 854 3259 1016 3308; x_wconf 86' lang='lat' dir='ltr'>celebrato:</span> <span class='ocrx_word' id='word_1_235' title='bbox 1037 3266 1099 3306; x_wconf 89' lang='lat' dir='ltr'>note</span> <span class='ocrx_word' id='word_1_236' title='bbox 1117 3259 1162 3307; x_wconf 90' lang='lat' dir='ltr'>the</span> 
     </span>
    </p>

    <p class='ocr_par' dir='ltr' id='par_1_6' title="bbox 99 3323 806 3403">
     <span class='ocr_line' id='line_1_30' title="bbox 99 3323 806 3403; baseline -0.006 -28"><span class='ocrx_word' id='word_1_237' title='bbox 99 3328 109 3349; x_wconf 88' lang='lat'>·&#39;</span> <span class='ocrx_word' id='word_1_238' title='bbox 146 3323 192 3382; x_wconf 66' lang='grc'>24.</span> <span class='ocrx_word' id='word_1_239' title='bbox 202 3334 338 3385; x_wconf 88' lang='lat' dir='ltr'>torrente,</span> <span class='ocrx_word' id='word_1_240' title='bbox 343 3334 435 3374; x_wconf 82' lang='lat' dir='ltr'>stream</span> <span class='ocrx_word' id='word_1_241' title='bbox 445 3327 612 3403; x_wconf 56' lang='lat' dir='ltr'>afelaqupace.</span> <span class='ocrx_word' id='word_1_242' title='bbox 664 3325 806 3387; x_wconf 87' lang='lat' dir='ltr'>pleonasm.</span> 
     </span>
    </p>

    <p class='ocr_par' dir='ltr' id='par_1_7' title="bbox 68 3391 1163 3456">
     <span class='ocr_line' id='line_1_31' title="bbox 68 3391 1163 3456; baseline -0.002 -14"><span class='ocrx_word' id='word_1_243' title='bbox 68 3410 78 3433; x_wconf 64' lang='lat'>³</span> <span class='ocrx_word' id='word_1_244' title='bbox 113 3402 266 3456; x_wconf 90' lang='lat' dir='ltr'>—quanto</span> <span class='ocrx_word' id='word_1_245' title='bbox 296 3394 413 3456; x_wconf 85' lang='lat' dir='ltr'>ingenio</span> <span class='ocrx_word' id='word_1_246' title='bbox 445 3406 478 3441; x_wconf 88' lang='lat' dir='ltr'>ac</span> <span class='ocrx_word' id='word_1_247' title='bbox 508 3392 611 3454; x_wconf 84' lang='lat' dir='ltr'>spiritu</span> <span class='ocrx_word' id='word_1_248' title='bbox 694 3407 719 3453; x_wconf 85' lang='lat'>4.</span> <span class='ocrx_word' id='word_1_249' title='bbox 744 3392 845 3454; x_wconf 84' lang='lat' dir='ltr'>igitur:</span> <span class='ocrx_word' id='word_1_250' title='bbox 863 3399 890 3439; x_wconf 90' lang='lat' dir='ltr'>at</span> <span class='ocrx_word' id='word_1_251' title='bbox 911 3391 956 3440; x_wconf 88' lang='lat' dir='ltr'>the</span> <span class='ocrx_word' id='word_1_252' title='bbox 972 3391 1113 3454; x_wconf 88' lang='lat' dir='ltr'>beginning</span> <span class='ocrx_word' id='word_1_253' title='bbox 1133 3391 1163 3440; x_wconf 83' lang='lat' dir='ltr'>of</span> 
     </span>
    </p>

    <p class='ocr_par' dir='ltr' id='par_1_8' title="bbox 53 3458 1161 3592">
     <span class='ocr_line' id='line_1_32' title="bbox 53 3458 1161 3522; baseline -0.001 -15"><span class='ocrx_word' id='word_1_254' title='bbox 53 3472 56 3479; x_wconf 91' lang='lat'>·</span> <span class='ocrx_word' id='word_1_255' title='bbox 114 3467 263 3510; x_wconf 89' lang='lat' dir='ltr'>mutuatus</span> <span class='ocrx_word' id='word_1_256' title='bbox 285 3469 348 3509; x_wconf 88' lang='lat' dir='ltr'>est:</span> <span class='ocrx_word' id='word_1_257' title='bbox 371 3475 492 3522; x_wconf 88' lang='lat' dir='ltr'>zeugma;</span> <span class='ocrx_word' id='word_1_258' title='bbox 517 3466 611 3508; x_wconf 90' lang='lat' dir='ltr'>mutu·</span> <span class='ocrx_word' id='word_1_259' title='bbox 663 3458 708 3507; x_wconf 84' lang='lat' dir='ltr'>the</span> <span class='ocrx_word' id='word_1_260' title='bbox 719 3466 849 3516; x_wconf 90' lang='lat' dir='ltr'>sentence,</span> <span class='ocrx_word' id='word_1_261' title='bbox 862 3473 892 3506; x_wconf 86' lang='lat' dir='ltr'>as</span> <span class='ocrx_word' id='word_1_262' title='bbox 907 3458 1003 3506; x_wconf 87' lang='lat' dir='ltr'>almost</span> <span class='ocrx_word' id='word_1_263' title='bbox 1018 3458 1161 3522; x_wconf 87' lang='lat' dir='ltr'>invariably</span> 
     </span>
     <span class='ocr_line' id='line_1_33' title="bbox 114 3525 1160 3592; baseline -0.002 -18"><span class='ocrx_word' id='word_1_264' title='bbox 114 3535 179 3575; x_wconf 89' lang='lat' dir='ltr'>atus</span> <span class='ocrx_word' id='word_1_265' title='bbox 193 3535 237 3575; x_wconf 86' lang='lat' dir='ltr'>est</span> <span class='ocrx_word' id='word_1_266' title='bbox 250 3527 349 3590; x_wconf 89' lang='lat' dir='ltr'>applies</span> <span class='ocrx_word' id='word_1_267' title='bbox 367 3527 467 3592; x_wconf 86' lang='lat' dir='ltr'>strictly</span> <span class='ocrx_word' id='word_1_268' title='bbox 479 3534 507 3575; x_wconf 88' lang='lat' dir='ltr'>to</span> <span class='ocrx_word' id='word_1_269' title='bbox 521 3526 613 3574; x_wconf 86' lang='lat' dir='ltr'>erudi·</span> <span class='ocrx_word' id='word_1_270' title='bbox 662 3525 689 3573; x_wconf 88' lang='lat' dir='ltr'>in</span> <span class='ocrx_word' id='word_1_271' title='bbox 713 3525 827 3574; x_wconf 89' lang='lat' dir='ltr'>Tacitus.</span> <span class='ocrx_word' id='word_1_272' title='bbox 875 3525 925 3573; x_wconf 86' lang='lat' dir='ltr'>See</span> <span class='ocrx_word' id='word_1_273' title='bbox 946 3539 968 3589; x_wconf 84' lang='lat'>3.</span> <span class='ocrx_word' id='word_1_274' title='bbox 989 3538 1036 3573; x_wconf 84' lang='lat' dir='ltr'>1n.</span> <span class='ocrx_word' id='word_1_275' title='bbox 1047 3553 1082 3560; x_wconf 93' lang='lat'>—</span> <span class='ocrx_word' id='word_1_276' title='bbox 1094 3538 1160 3573; x_wconf 90' lang='lat' dir='ltr'>cum</span> 
     </span>
    </p>
   </div>
   <div class='ocr_carea' id='block_1_4' title="bbox 24 3591 1161 3655">
    <p class='ocr_par' dir='ltr' id='par_1_9' title="bbox 24 3591 1161 3655">
     <span class='ocr_line' id='line_1_34' title="bbox 24 3591 1161 3655; baseline -0.002 -15"><span class='ocrx_word' id='word_1_277' title='bbox 24 3594 32 3617; x_wconf 67' lang='lat'>⁴¹</span> <span class='ocrx_word' id='word_1_278' title='bbox 114 3593 191 3641; x_wconf 78' lang='lat' dir='ltr'>tione</span> <span class='ocrx_word' id='word_1_279' title='bbox 202 3602 230 3641; x_wconf 87' lang='lat' dir='ltr'>et</span> <span class='ocrx_word' id='word_1_280' title='bbox 240 3602 302 3644; x_wconf 85' lang='lat' dir='ltr'>arte</span> <span class='ocrx_word' id='word_1_281' title='bbox 310 3594 393 3641; x_wconf 90' lang='lat' dir='ltr'>alone</span> <span class='ocrx_word' id='word_1_282' title='bbox 413 3591 503 3641; x_wconf 83' lang='lat' dir='ltr'>Wrth</span> <span class='ocrx_word' id='word_1_283' title='bbox 496 3606 612 3655; x_wconf 79' lang='lat' dir='ltr'>ingemo</span> <span class='ocrx_word' id='word_1_284' title='bbox 663 3593 852 3655; x_wconf 83' lang='lat' dir='ltr'>praesertim:</span> <span class='ocrx_word' id='word_1_285' title='bbox 871 3591 999 3654; x_wconf 87' lang='lat' dir='ltr'>elliptical,</span> <span class='ocrx_word' id='word_1_286' title='bbox 1014 3599 1061 3639; x_wconf 84' lang='lat' dir='ltr'>‘an</span> <span class='ocrx_word' id='word_1_287' title='bbox 1075 3599 1161 3638; x_wconf 86' lang='lat' dir='ltr'>aston-</span> 
     </span>
    </p>
   </div>
   <div class='ocr_carea' id='block_1_5' title="bbox 113 3656 1161 3855">
    <p class='ocr_par' dir='ltr' id='par_1_10' title="bbox 113 3656 1161 3855">
     <span class='ocr_line' id='line_1_35' title="bbox 114 3656 1161 3723; baseline -0.002 -17"><span class='ocrx_word' id='word_1_288' title='bbox 114 3673 147 3706; x_wconf 89' lang='lat' dir='ltr'>ac</span> <span class='ocrx_word' id='word_1_289' title='bbox 161 3660 264 3722; x_wconf 90' lang='lat' dir='ltr'>spiritu</span> <span class='ocrx_word' id='word_1_290' title='bbox 277 3659 387 3723; x_wconf 85' lang='lat' dir='ltr'>supply&#39;</span> <span class='ocrx_word' id='word_1_291' title='bbox 381 3675 407 3706; x_wconf 93' lang='lat' dir='ltr'>1n</span> <span class='ocrx_word' id='word_1_292' title='bbox 420 3658 534 3722; x_wconf 89' lang='lat' dir='ltr'>thought</span> <span class='ocrx_word' id='word_1_293' title='bbox 548 3661 613 3707; x_wconf 87' lang='lat' dir='ltr'>locu·</span> <span class='ocrx_word' id='word_1_294' title='bbox 662 3658 749 3720; x_wconf 89' lang='lat' dir='ltr'>ishing</span> <span class='ocrx_word' id='word_1_295' title='bbox 766 3658 827 3713; x_wconf 86' lang='lat' dir='ltr'>fact,</span> <span class='ocrx_word' id='word_1_296' title='bbox 848 3658 985 3722; x_wconf 89' lang='lat' dir='ltr'>especially</span> <span class='ocrx_word' id='word_1_297' title='bbox 1004 3657 1082 3714; x_wconf 88' lang='lat' dir='ltr'>since,</span> <span class='ocrx_word' id='word_1_298' title='bbox 1104 3656 1161 3704; x_wconf 88' lang='lat' dir='ltr'>etc.’</span> 
     </span>
     <span class='ocr_line' id='line_1_36' title="bbox 113 3724 1160 3789; baseline -0.003 -16"><span class='ocrx_word' id='word_1_299' title='bbox 113 3733 155 3773; x_wconf 84' lang='lat' dir='ltr'>tus</span> <span class='ocrx_word' id='word_1_300' title='bbox 177 3728 312 3775; x_wconf 78' lang='lat' dir='ltr'>est-ab</span> <span class='ocrx_word' id='word_1_301' title='bbox 337 3726 417 3788; x_wconf 90' lang='lat' dir='ltr'>ipsis,</span> <span class='ocrx_word' id='word_1_302' title='bbox 443 3726 538 3789; x_wconf 88' lang='lat' dir='ltr'>ipsos:</span> <span class='ocrx_word' id='word_1_303' title='bbox 568 3724 612 3773; x_wconf 92' lang='lat' dir='ltr'>the</span> <span class='ocrx_word' id='word_1_304' title='bbox 663 3732 821 3773; x_wconf 88' lang='lat' dir='ltr'>—centum</span> <span class='ocrx_word' id='word_1_305' title='bbox 839 3732 867 3772; x_wconf 89' lang='lat' dir='ltr'>et</span> <span class='ocrx_word' id='word_1_306' title='bbox 879 3724 983 3786; x_wconf 86' lang='lat' dir='ltr'>viginti</span> <span class='ocrx_word' id='word_1_307' title='bbox 998 3737 1104 3776; x_wconf 82' lang='lat' dir='ltr'>annos:</span> <span class='ocrx_word' id='word_1_308' title='bbox 1122 3725 1160 3770; x_wconf 73' lang='lat' dir='ltr'>ia.</span> 
     </span>
     <span class='ocr_line' id='line_1_37' title="bbox 115 3789 1088 3855; baseline -0.003 -16"><span class='ocrx_word' id='word_1_309' title='bbox 115 3792 253 3854; x_wconf 88' lang='lat' dir='ltr'>repetition</span> <span class='ocrx_word' id='word_1_310' title='bbox 264 3792 287 3840; x_wconf 94' lang='lat' dir='ltr'>is</span> <span class='ocrx_word' id='word_1_311' title='bbox 298 3791 340 3839; x_wconf 83' lang='lat' dir='ltr'>for</span> <span class='ocrx_word' id='word_1_312' title='bbox 352 3791 490 3855; x_wconf 86' lang='lat' dir='ltr'>emphasis.</span> <span class='ocrx_word' id='word_1_313' title='bbox 664 3792 723 3853; x_wconf 83' lang='lat' dir='ltr'>only</span> <span class='ocrx_word' id='word_1_314' title='bbox 736 3790 793 3838; x_wconf 89' lang='lat' dir='ltr'>that</span> <span class='ocrx_word' id='word_1_315' title='bbox 805 3805 889 3854; x_wconf 87' lang='lat' dir='ltr'>many.</span> <span class='ocrx_word' id='word_1_316' title='bbox 926 3789 975 3838; x_wconf 84' lang='lat' dir='ltr'>See</span> <span class='ocrx_word' id='word_1_317' title='bbox 991 3803 1027 3850; x_wconf 90' lang='lat'>17.</span> <span class='ocrx_word' id='word_1_318' title='bbox 1041 3803 1088 3853; x_wconf 79' lang='lat' dir='ltr'>3n.</span> 
     </span>
    </p>
   </div>
   <div class='ocr_carea' id='block_1_6' title="bbox 0 0 1331 4214">
    <p class='ocr_par' dir='ltr' id='par_1_11' title="bbox 0 0 1331 4214">
     <span class='ocr_line' id='line_1_38' title="bbox 0 0 1331 4214; baseline 0 0"><span class='ocrx_word' id='word_1_319' title='bbox 0 0 1331 4214; x_wconf 95' lang='lat' dir='ltr'> </span> 
     </span>
    </p>
   </div>
  </div>
 </body>
</html>
