2648 4214
108 337 158 383 aa.
175 329 198 389 5]

398 331 586 379 DIALOGVS
603 331 661 376 DF.
685 330 930 379 ORATORIBVS.

109 499 231 564 virides
265 497 379 560 statim
412 507 446 560 et
479 497 587 559 teneri
615 497 717 559 animi
749 497 954 572 imbuuntur,
982 517 1044 560 nec
1072 497 1158 580 quis-

56 691 61 697 ι
110 627 208 688 quam
234 606 268 668 in
298 615 369 668 tota
395 607 492 668 domo
521 605 618 687 pensi
643 605 753 680 habet,
781 605 859 687 quid
889 625 999 668 coram
1028 605 1158 668 infante

109 714 245 777 domino
262 724 319 776 aut
337 713 425 777 dicat
442 722 501 776 aut
517 713 629 777 iaciat.

680 713 770 795 Quin
792 713 892 775 etiam
914 712 978 794 ipsi
1000 723 1157 794 parentes

110 842 176 883 non
202 821 361 903 probitati
386 842 495 904 neque
521 821 704 883 modestiae
733 821 888 902 parvulos
913 820 1155 896 adsuefaciunt,

110 931 169 992 sed
186 929 341 993 lasciviae
355 940 388 991 et
405 929 582 1004 dicacitati,
599 950 658 1010 per
672 950 757 1011 quae
774 929 933 1011 paulatim
952 928 1158 1009 impudentia

111 1037 232 1119 inrepit
253 1040 300 1122 [et
318 1037 368 1099 sui
381 1037 548 1119 alienique
561 1039 802 1122 contemptus}
846 1037 916 1098 Iam
930 1057 1008 1099 vero
1026 1037 1158 1118 propria
1193 1060 1207 1109 3

111 1154 144 1207 et
169 1145 349 1227 peculiaria
373 1145 471 1208 huius
500 1145 592 1207 urbis
617 1145 698 1206 vitia
726 1165 832 1226 paene
861 1144 895 1206 in
925 1154 1020 1206 utero
1042 1145 1158 1207 matris

111 1253 240 1334 concipi
263 1253 344 1315 mihi
360 1239 524 1327 videntur,
544 1252 749 1315 histrionalis
771 1253 866 1314 favor
888 1262 921 1314 et
939 1252 1158 1334 gladiatorum

111 1382 338 1443 equorumque
362 1360 482 1435 studia,
502 1361 623 1442 quibus
648 1370 830 1442 occupatus
854 1370 887 1422 et
912 1361 1070 1423 obsessus
1091 1361 1158 1422 ani-

111 1489 184 1531 mus
213 1469 410 1551 quantulum
440 1468 503 1530 loci
532 1469 629 1531 bonis
658 1468 785 1531 artibus
811 1468 992 1550 relinquit?
1018 1478 1155 1550 quotum
1193 1492 1208 1537 4

110 1597 277 1658 quemque
299 1576 450 1638 invenies
473 1575 529 1658 qui
552 1575 641 1638 domi
664 1576 844 1658 quidquam
867 1575 956 1637 aliud
981 1576 1157 1656 loquatur?

111 1705 194 1766 quos
222 1685 305 1746 alios
337 1684 665 1746 adulescentulorum
699 1703 871 1746 sermones
904 1683 1099 1764 excipimus
1130 1684 1158 1745 si

110 1793 242 1873 quando
259 1792 423 1854 auditoria
440 1792 660 1854 intravimus?
701 1792 752 1854 Ne
770 1800 1005 1873 praeceptores
1023 1791 1156 1873 quidem
1194 1812 1207 1865 5

110 1966 207 2015 ribus:
230 1965 292 2013 here
318 1966 469 2030 apparently
489 1966 611 2028 meaning

112 2033 234 2094 nogarias,
242 2033 459 2092 superstitious.-—
466 2033 572 2080 virides
582 2040 609 2080 et

110 2098 211 2156 teneri,
235 2098 311 2145 aoht'le
331 2099 408 2162 fresh
431 2099 487 2146 and
507 2100 609 2160 plastic.

112 2165 164 2212 For
184 2164 236 2212 this
257 2179 302 2212 use
323 2164 352 2212 of
371 2165 464 2212 viralis
481 2164 513 2213 cf.
533 2166 609 2227 Verg.

110 2232 174 2278 Aen.
182 2231 213 2278 V.
223 2244 254 2293 29
257 2243 270 2295 5
277 2232 413 2292 Euryalus
413 2233 505 2295 forma
513 2233 612 2294 insigni

110 2299 240 2360 viridique
262 2299 386 2354 iuventa,·
417 2297 486 2346 Ovid
514 2299 609 2346 Tristia

111 2363 157 2410 IV.
169 2376 215 2428 v10.
238 2377 265 2424 17
288 2364 371 2411 vr'ridi
387 2365 531 2413 aena—in
549 2372 609 2413 tota

110 2430 211 2478 domo:
229 2430 274 2479 the
286 2446 356 2493 prep.
369 2430 430 2479 with
442 2438 507 2478 totus
519 2446 609 2480 occurs

109 2496 165 2544 also
175 2498 243 2544 Hist.
255 2497 275 2543 Ι.
286 2511 301 2556 4
310 2498 338 2544 in
348 2502 396 2544 tolo
407 2499 462 2545 orbe
470 2504 609 2546 terrarum.

109 2576 204 2611 -nec
229 2564 383 2626 quisquam
406 2565 490 2626 pensi
513 2566 609 2623 habet,

110 2646 159 2676 nor
180 2631 228 2677 lias
250 2647 302 2692 any
320 2646 365 2677 one
387 2647 402 2678 a
427 2648 491 2678 care.
527 2631 610 2694 pensi

109 2696 131 2744 is
155 2696 267 2759 genitive
291 2696 320 2743 ol
343 2697 435 2755 value;
466 2698 509 2745 Gr.
529 2698 609 2761 252b.

109 2762 264 2810 —infante
301 2764 426 2821 domino,
456 2765 497 2811 tae
522 2780 613 2826 youngr

110 2837 211 2877 master.
219 2858 253 2864 —
263 2844 329 2887 non,
348 2843 457 2892 neque:
475 2845 547 2878 more
560 2844 610 2878 em·

108 2896 196 2959 phatic
215 2897 277 2944 than
296 2913 381 2960 neque,
398 2913 483 2959 neque.
520 2897 556 2945 So
574 2912 610 2945 re-

109 2963 230 3028 peatedly
242 2964 267 3010 in
285 2964 329 3011 the
340 2965 473 3025 Dialogus,
486 2980 528 3026 ag.
545 2977 580 3010 12.
596 2976 605 3010 1

111 3047 161 3078 nan
171 3033 199 3079 in
209 3034 316 3093 strepitu
326 3048 370 3079 nec
381 3031 477 3078 sedente
487 3037 547 3078 ante
555 3032 609 3077 osti-

110 3115 152 3146 um
174 3101 307 3162 litigatore.
317 3127 350 3134 -
360 3097 513 3155 dicacitati‚
531 3098 609 3144 sauci·

110 3183 184 3223 ness,·
205 3167 267 3231 only
291 3166 353 3214 here
380 3165 406 3212 in
427 3163 541 3212 Tacitus.
577 3163 608 3210 ln

110 3233 202 3281 Cicero
212 3234 256 3281 the
266 3232 337 3281 word
347 3233 368 3281 is
380 3229 516 3296 employed
528 3230 553 3277 in
564 3229 608 3278 the

109 3315 185 3347 sense
198 3300 227 3347 of
239 3299 338 3356 banter,
352 3299 460 3363 raillery,
469 3315 511 3360 ag.
520 3299 549 3344 de
563 3299 606 3344 Or.

111 3366 146 3413 II.
172 3365 226 3414 218.
270 3367 306 3414 So
330 3366 386 3414 also
407 3366 433 3412 in
455 3364 607 3425 Quintilian,

108 3449 150 3494 ag.
164 3432 211 3480 VI.
225 3447 247 3496 3.
262 3447 299 3494 ²9·

142 3514 167 3559 3.
191 3501 306 3563 propria
327 3508 355 3548 et
376 3499 547 3562 peculiaria:
574 3498 607 3546 al·

109 3564 247 3614 literation.
256 3581 389 3629 —paene
414 3567 443 3615 in
466 3574 567 3614 utero.
581 3600 586 3613 .
600 3600 606 3611 .

109 3632 256 3681 videntur:
275 3632 307 3680 cf.
319 3633 372 3680 Cic.
388 3634 459 3680 Tusc.
469 3633 542 3694 Disp.
554 3632 606 3679 Ill.

112 3711 132 3744 r.
147 3712 159 3745 2
173 3715 243 3746 nunc
259 3706 341 3747 aulem
361 3700 441 3746 simul
456 3704 531 3762 alque
546 3700 608 3746 editi

109 3766 138 3811 in
149 3765 229 3812 lucem
243 3772 266 3812 et
276 3767 383 3826 suscepti
390 3762 485 3821 sranius,
495 3766 524 3812 in
536 3766 608 3813 omni

108 3832 226 3881 continue
232 3833 362 3897 pravitate
374 3867 379 3878 .
393 3867 399 3878 .
412 3867 418 3881 .
428 3848 569 3890 versamur,
578 3837 608 3879 ut

662 1974 744 2028 paene
760 1982 818 2014 cum
837 1967 899 2013 lacte
916 1967 1026 2012 nutricis
1045 1973 1156 2014 errorem

661 2034 759 2080 suxi'sse
781 2033 923 2079 videamur.
935 2031 1157 2081 —histrionalis

661 2099 756 2164 favore
774 2097 818 2146 the
830 2097 959 2161 adjective
970 2097 1032 2145 here
1049 2097 1097 2146 has
1114 2098 1158 2146 the

660 2164 732 2212 force
751 2165 780 2212 ot
800 2180 832 2212 an
851 2163 981 2227 objective
998 2164 1159 2226 genitive.-

661 2231 853 2294 gladiatorum
876 2244 1073 2294 equorumque
1097 2238 1158 2280 stu·

661 2299 707 2346 dia
719 2315 724 2344 ε
743 2297 900 2362 brachylogy
911 2296 953 2344 for
964 2299 1069 2344 interest
1078 2299 1106 2344 in
1118 2299 1159 2345 the

659 2371 763 2413 contests
783 2365 814 2427 of
827 2366 973 2427 gladiatam
995 2365 1051 2411 and
1066 2365 1157 2411 horses.

660 2431 717 2479 The
736 2432 853 2479 Romans
872 2430 901 2478 ol
919 2431 963 2478 the
980 2431 1097 2492 imperial
1115 2445 1159 2478 era

661 2497 725 2545 took
738 2497 782 2546 the
792 2505 862 2546 most
872 2505 1042 2559 extravagant
1052 2497 1158 2545 interest

660 2564 686 2612 in
703 2579 792 2626 games
804 2563 856 2612 and
875 2564 1017 2626 spectacles
1036 2563 1065 2610 of
1082 2578 1159 2627 every

660 2638 757 2679 sort-
764 2630 868 2694 quibus
887 2638 1047 2693 occupatus
1065 2637 1093 2677 et
1109 2631 1157 2678 ob-

661 2712 762 2746 sessus
781 2697 905 2755 animus,
918 2698 959 2744 tae
965 2698 1157 2758 preoccupation

660 2764 691 2827 of
697 2765 764 2811 their
775 2765 862 2811 mincis
875 2765 937 2811 wita
951 2764 1054 2820 aoniam
1073 2761 1104 2810 cf.
1118 2775 1156 2826 37.

660 2844 673 2891 7
690 2831 823 2888 Quinctius
835 2831 959 2893 defensus.

692 2911 717 2957 4.
741 2897 898 2959 quidquam
915 2896 992 2944 aliud
1010 2895 1156 2958 loquatur:

659 2978 694 3011 sc.
718 2979 794 3026 quam
825 2964 967 3018 histriones,
994 2963 1156 3024 gladiatores,

659 3046 738 3093 equos.
774 3031 859 3093 Loqui
873 3029 934 3076 with
949 3028 993 3076 the
1011 3028 1157 3076 accusative

661 3100 698 3158 (as
709 3095 826 3159 opposed
836 3104 864 3144 to
874 3098 903 3143 de
912 3095 972 3144 with
984 3095 1027 3143 the
1037 3094 1155 3152 ablative,

658 3179 701 3225 eg.
711 3163 772 3223 ali-4
784 3179 826 3225 ego
838 3165 867 3211 de
879 3163 940 3210 urbe
951 3162 1052 3226 loquar)
1065 3176 1155 3209 means

658 3237 683 3276 to
701 3231 765 3277 have
784 3232 882 3292 always
903 3247 935 3277 on
954 3229 1020 3277 onc's
1037 3230 1093 3288 lips,
1112 3244 1154 3289 agn

659 3296 712 3345 Cic.
720 3298 757 3345 ad
762 3299 814 3344 An.
824 3297 873 3345 lX.
885 3312 921 3361 13.
930 3296 945 3344 8
955 3312 1054 3344 merum
1063 3295 1153 3341 bellum

658 3365 778 3426 loquitur,
800 3365 866 3412 talis
890 3365 999 3425 nothing
1020 3363 1062 3408 but
1079 3376 1154 3417 war;

658 3431 690 3478 cf.
704 3447 752 3479 our
770 3431 838 3479 ‘talk
857 3432 942 3487 horse,
958 3429 1012 3478 talk
1030 3427 1155 3490 shop.’-

658 3498 806 3557 auditoria,
822 3499 1012 3546 lecture-roonis.

690 3579 714 3626 5.
729 3580 765 3613 ne
775 3572 987 3628 praeceptores,
996 3570 1056 3611 etc.:
1068 3560 1154 3609 notice

658 3631 702 3680 the
718 3632 826 3680 climax:
848 3630 892 3679 the
908 3630 973 3695 boys
988 3629 1042 3677 talk
1058 3627 1088 3675 of
1105 3634 1155 3675 act-

657 3714 708 3754 ore,
720 3697 862 3761 gladiators
874 3696 926 3744 and
938 3711 1010 3744 races
1022 3703 1049 3743 at
1066 3695 1153 3750 horne,

657 3765 719 3828 they
730 3764 785 3812 talk
803 3764 832 3811 ot
850 3764 893 3812 the
912 3777 983 3811 same
1001 3769 1109 3809 matters
1126 3767 1153 3807 at

656 3830 755 3890 school,
785 3828 837 3878 and
866 3845 930 3878 even
960 3829 1004 3882 the
1035 3827 1158 3875 teachers
