2648 4214
165 317 197 368 26
514 317 540 363 P.
563 315 743 364 CORNELII
768 315 896 362 TACITI

1167 314 1216 378 [14.
1235 328 1263 357 1-

215 495 276 560 est,
290 484 544 565 suspicatusque
556 504 595 545 ex
606 483 677 564 ipsa
688 483 874 545 intentione
886 482 1093 564 singulorum
1106 482 1261 568 altiorem

165 614 179 647 2
215 592 303 654 inter
329 612 385 654 eos
411 611 486 653 esse
512 611 709 665 sermonem,
739 591 848 653 ‘Num
874 611 989 671 parum
1016 591 1259 672 tempestivus'

215 700 322 781 inquit
342 699 527 761 ‘interveni
548 708 714 762 secretum
732 698 907 761 consilium
925 706 958 760 et
981 719 1101 762 causae
1118 699 1260 763 alicuius

214 808 465 869 meditationem
484 806 706 870 tractantibus
719 807 730 868 ἓ
743 804 750 827 ’

166 938 180 987 3
264 916 432 990 ‘Minime
467 913 621 976 mini'me'
663 914 771 996 inquit
805 915 989 989 Secundus,
1025 923 1143 996 ‘atque
1175 915 1259 978 adeo

214 1024 334 1086 vellem
355 1023 517 1086 maturius
540 1022 802 1099 intervenisses;
834 1022 1034 1085 delectasset
1057 1023 1145 1084 enim
1168 1033 1203 1085 te
1225 1033 1259 1086 et

216 1132 302 1212 Apri
327 1131 433 1193 nostri
457 1130 726 1195 accuratissimus
752 1151 870 1206 sermo,
897 1152 971 1193 cum
997 1131 1199 1206 Maternum,
1222 1140 1259 1193 ut

216 1261 314 1302 omne
340 1239 511 1321 ingenium
538 1260 576 1302 ac
603 1239 749 1301 studium
777 1260 873 1302 suum
899 1240 940 1301 ad
968 1259 1085 1302 causas
1111 1240 1260 1320 agendas

216 1356 435 1423 converteret,
455 1348 649 1410 exhortatus
673 1356 733 1422 est,
753 1357 786 1409 et
808 1347 953 1409 Materni
974 1368 1033 1428 pro
1056 1346 1260 1410 carminibus

217 1455 286 1517 suis
314 1455 401 1518 laeta
425 1465 528 1537 utque
553 1465 669 1536 poetas
696 1455 830 1517 defendi
857 1455 1005 1528 decebat,
1029 1454 1199 1517 ardentior
1225 1463 1260 1517 et

216 1573 389 1644 poetarum
406 1584 504 1645 quam
522 1572 688 1624 oratorum
707 1562 845 1625 similior
861 1561 986 1626 oratio)

168 1695 181 1738 4
264 1673 340 1733 ‘Me
357 1670 454 1733 vero’
480 1670 586 1752 inquit
612 1683 739 1733 ‘sermo
757 1670 821 1732 iste
838 1671 967 1732 infinita
982 1671 1153 1752 voluptate
1170 1671 1261 1733 adie-

217 1781 328 1854 cisset,
347 1789 447 1862 atque
465 1778 497 1841 id
515 1779 623 1859 ipsum
640 1778 794 1853 delectat,
814 1780 902 1860 quod
917 1799 986 1853 vos
1005 1779 1068 1841 viri
1087 1779 1206 1860 optimi
1226 1789 1260 1841 et

217 1888 334 1969 optimi
363 1897 549 1968 temporum
575 1897 764 1949 nostrorum
789 1896 946 1961 oratores,
973 1907 1041 1948 non
1069 1887 1260 1950 forensibus

217 2005 348 2057 tantum
370 1995 515 2076 negotiis
538 2005 571 2056 ct
594 1995 829 2057 declamatorio
856 1995 965 2057 studio
990 1995 1125 2076 ingenia
1148 2003 1261 2058 vestra

217 2104 388 2177 exercetis,
408 2104 467 2165 sed
485 2104 555 2165 eius
573 2103 662 2164 modi
685 2103 784 2164 etiarn
806 2102 1050 2183 disputationes
1073 2102 1259 2176 adsumitis,

217 2232 301 2293 quae
330 2221 362 2273 et
393 2211 563 2292 ingenium
590 2211 682 2272 alunt
712 2220 745 2271 et
778 2210 974 2272 cruditionis
1003 2230 1041 2273 ac
1072 2209 1260 2273 litterarum

217 2319 493 2406 iucundissimum
530 2318 813 2381 oblectamentum
850 2339 925 2380 cum
960 2318 1065 2393 vobis,
1104 2319 1160 2400 qui
1197 2318 1263 2381 ista

217 2427 406 2507 disputatis,
435 2426 600 2500 adierunt,
629 2436 699 2488 tum
729 2426 829 2487 etiam
856 2426 896 2488 iis
925 2427 966 2488 ad
994 2446 1135 2507 quorum
1163 2446 1261 2488 aures

171 2555 183 2607 5
218 2533 441 2614 pervenerint.
492 2535 619 2621 *ltaque
644 2533 755 2596 hercle
781 2554 848 2595 non
873 2534 982 2596 minus
1008 2533 1140 2614 probari
1163 2533 1261 2596 video

218 2642 251 2703 in
272 2651 314 2715 te,
336 2642 499 2716 Secunde,
518 2643 606 2723 quod
631 2641 706 2703 lulii
729 2641 883 2704 Africani
905 2642 1007 2703 vitam
1030 2642 1261 2722 componendo

218 2770 311 2831 spem
340 2749 531 2811 hominibus
559 2749 671 2811 fecisti
700 2749 843 2830 plurium
872 2749 944 2810 eius
973 2749 1062 2811 modi
1090 2748 1260 2824 librorum,

217 2941 332 2989 between
357 2941 500 3003 Vespasian
524 2939 574 2988 and
596 2941 714 2988 Vitellius

218 3008 242 3054 in
255 3007 288 3069 69
300 3020 354 3054 nr).
388 3007 578 3071 Subsequently
590 3007 623 3054 he
635 3015 715 3054 wrote

217 3089 250 3120 an
262 3081 371 3121 account
389 3073 418 3120 of
434 3073 475 3120 his
493 3074 649 3136 campaigns,
663 3071 715 3120 and

217 3139 239 3188 is
256 3139 325 3187 cited
342 3140 376 3203 by
388 3140 494 3186 Tacitus
511 3155 539 3187 as
557 3155 607 3187 one
625 3139 654 3187 oi
671 3140 715 3187 the

217 3207 315 3254 latter‘s
335 3220 440 3254 sources
459 3205 502 3252 lor
526 3205 600 3252 Book
622 3206 664 3253 ΙΙΙ
687 3205 716 3253 of

766 2954 870 2999 sermo,
883 2940 983 3002 implies
998 2955 1014 2989 a
1030 2939 1117 2988 loitier
1131 2941 1196 3005 style
1210 2940 1263 2989 and

766 3006 868 3054 choicer
888 3005 1107 3055 diction-cum
1132 3007 1264 3055 exhorta·

766 3080 813 3120 tus
838 3080 897 3120 est:
922 3073 966 3120 the
984 3073 1138 3121 cum-clause
1160 3072 1182 3121 is
1201 3073 1264 3121 here

767 3139 964 3201 “explicative,”
975 3139 1053 3201 being
1070 3139 1216 3202 equivalent
1234 3147 1272 3187 to·

766 3220 782 3253 a
793 3205 879 3253 clause
891 3205 917 3253 in
927 3205 1076 3268 apposition
1085 3205 1146 3253 with
1157 3219 1263 3254 sermo.

218 3273 262 3320 the
274 3274 406 3320 Historier.
444 3272 493 3319 His
507 3280 620 3334 greatest
637 3272 714 3328 fame,
767 3273 816 3321 See
829 3271 1012 3328 Gildersleeve‚
1027 3272 1081 3336 583.

217 3340 344 3396 however,
369 3355 421 3387 was
444 3355 472 3388 as
495 3354 528 3386 an
551 3349 653 3399 orator;
682 3341 714 3388 cf.

217 3409 285 3454 Hist.
307 3408 353 3454 IV.
371 3423 402 3468 42
424 3425 543 3471 magnam
563 3410 716 3471 eloquentiae

217 3476 321 3538 samam
337 3477 474 3536 Vipstanus
482 3477 604 3524 Messalla
612 3477 716 3537 adeptus

182 3551 192 3611 p
217 3549 293 3589 est-
300 3542 431 3590 altiorem
444 3556 616 3599 sermonem,
624 3544 716 3603 impor-

217 3615 274 3656 tant
295 3611 453 3664 discussion;
482 3609 514 3656 cf.
539 3610 607 3655 Hist.
630 3609 675 3655 lv.
702 3621 715 3672 5

217 3677 310 3722 altiora
331 3677 435 3731 studim
464 3675 553 3734 Quint.
574 3675 624 3721 111.
641 3673 664 3722 8.
683 3688 714 3733 42

216 3742 294 3788 altior
305 3743 422 3804 quaestio.

249 3822 274 3867 3.
298 3807 397 3866 oratio,
423 3823 452 3856 as
481 3807 631 3857 contrasted
655 3807 715 3856 with

798 3357 823 3402 4.
847 3340 996 3403 ingenium
1024 3339 1123 3388 alunt:
1151 3338 1184 3387 cf.
1209 3339 1263 3388 Cic.

765 3409 841 3455 Brut.
855 3408 907 3456 126.
916 3437 949 3445 -
958 3408 1158 3472 pervenerint:
1175 3406 1264 3454 future

766 3475 864 3537 perfect
878 3475 938 3531 ind,
950 3477 1068 3539 adferent
1079 3475 1157 3537 being
1175 3473 1265 3522 under·

765 3541 843 3589 stood
856 3543 916 3590 with
929 3543 973 3590 the
986 3542 1144 3590 tumclause.

800 3623 823 3670 5.
848 3609 902 3658 Iuli
926 3608 1070 3657 Africani:
1094 3624 1127 3657 an
1150 3608 1264 3657 eminent

767 3684 854 3723 orator
863 3675 892 3723 of
900 3675 944 3723 the
956 3675 1027 3737 reign
1037 3674 1067 3723 of
1075 3675 1155 3723 Nero.
1185 3675 1265 3736 Quin-

767 3740 848 3797 tilian,
860 3743 892 3789 X.
908 3754 928 3787 1.
941 3741 994 3798 118,
1007 3740 1095 3804 places
1109 3741 1162 3789 him
1174 3741 1209 3806 by
1220 3741 1265 3790 the

766 3807 822 3856 side
834 3807 863 3855 of
873 3807 918 3856 the
930 3807 1034 3857 famous
1044 3807 1177 3857 Domitius
1186 3807 1264 3869 Afe13
