2648 4214
94 302 126 353 32
201 369 210 385 .
445 302 472 349 P.
494 301 674 349 CORNELII
699 301 827 350 TAClTl
1101 301 1148 367 [17.
1162 316 1193 359 4-

96 490 109 543 5
144 490 257 533 arcere
281 469 434 531 litoribus
459 478 492 531 et
518 469 642 550 pellere
667 469 818 551 adgressi
842 480 930 533 sunt.
985 470 1037 532 Ita
1062 470 1090 532 si
1114 491 1190 533 eum

144 578 201 660 qui
217 586 364 640 armatus
383 577 419 640 C.
441 577 575 639 Caesari
593 576 718 643 restitit
740 577 793 639 vel
816 577 991 659 captivitas
1008 577 1060 639 vel
1077 578 1191 640 volun-

144 696 195 749 tas
220 686 273 748 vel
298 686 406 748 fatum
432 685 565 767 aliquod
592 684 625 747 in
652 686 768 751 urbem
796 685 1022 767 pertraxisset,
1050 695 1083 748 et
1111 686 1191 749 Cae-

144 815 252 856 sarem
280 794 415 876 quidem
445 793 553 874 ipsum
583 802 616 855 et
646 793 842 856 Ciceronem
875 793 989 856 audire
1017 794 1125 874 potuit
1156 803 1189 856 et

94 911 110 959 6
144 902 268 964 nostris
293 921 425 983 quoque
449 900 636 964 actionibus
662 901 835 965 interesse.
886 901 1038 963 Proximo
1055 902 1189 982 quidem

143 1010 312 1092 congiario
338 1009 403 1090 ipsi
429 1009 560 1071 vidistis
587 1009 764 1092 plerosque
790 1029 898 1084 senes,
925 1009 981 1090 qui
1010 1029 1046 1072 se
1070 1029 1089 1071 a
1114 1010 1189 1072 divo

143 1138 274 1200 quoque
303 1117 461 1199 Augusto
495 1118 599 1179 semel
632 1126 732 1199 atque
765 1117 885 1179 iterum
917 1117 1086 1198 accepisse
1115 1138 1190 1180 con-

143 1225 284 1306 giarium
302 1225 491 1288 narrabant.
542 1226 592 1286 Ex
609 1245 674 1307 quo
692 1225 803 1306 colligi
820 1233 931 1306 potest
952 1233 985 1286 et
1008 1224 1188 1286 Corvinum

143 1333 184 1394 ab
210 1332 273 1394 illis
299 1342 331 1394 et
358 1332 516 1394 Asinium
542 1332 646 1395 audiri
671 1332 822 1414 potuisse
849 1335 939 1416 [nam
965 1331 1129 1394 Corvinus
1155 1331 1189 1394 in

143 1440 289 1501 medium
312 1460 418 1521 usque
440 1438 590 1521 Augusti
613 1440 846 1521 principatum,
866 1438 1008 1502 Asinius
1025 1459 1130 1520 paene
1147 1440 1189 1501 ad

143 1528 328 1610 extremum
352 1548 506 1632 duravit],
530 1568 573 1610 ne
598 1548 753 1610 dividatis
779 1547 948 1610 saeculum
974 1556 1007 1609 et
1033 1547 1188 1628 antiquos

143 1676 181 1718 ac
200 1664 331 1717 veteres
351 1654 507 1719 vocitetis
528 1665 687 1730 oratores,
705 1676 789 1737 quos
810 1656 990 1717 eorundem
1015 1655 1188 1717 hominum

142 1783 239 1825 aures
252 1763 458 1844 adgnoscere
475 1783 513 1825 ac
529 1763 620 1825 velut
638 1763 842 1844 coniungere
856 1772 889 1825 et
907 1752 1062 1844 copulare
1074 1771 1188 1842 potue-

143 1880 220 1933 runt

95 1985 130 2050 18
191 1980 285 2042 Haec
311 1979 385 2041 ideo
410 1979 566 2061 praedixi,
594 1989 639 2054 ut,
667 2000 695 2042 sr
719 2000 783 2062 qua
808 1999 847 2041 ex
872 1979 990 2041 horum
1019 1988 1187 2040 oratorum

141 2087 231 2149 fama
248 2087 419 2169 gloriaque
432 2087 504 2149 laus
518 2087 725 2168 temporibus
738 2086 931 2169 adquiritur,
947 2106 1020 2148 eam
1033 2086 1187 2148 docerem

143 2195 176 2255 in
195 2195 304 2272 medio
322 2195 420 2256 sitam
439 2204 471 2256 et
490 2195 677 2275 propiorem
696 2195 792 2258 nobis
809 2215 907 2275 quam
927 2193 1043 2257 Servio
1062 2192 1187 2256 Galbae

142 2312 199 2363 aut
218 2302 254 2363 C.
277 2302 390 2364 Laelio
408 2311 464 2363 aut
483 2301 520 2364 C.
541 2301 685 2364 Carboni
704 2322 854 2384 quosque
871 2301 953 2364 alios
970 2300 1088 2362 merito
1105 2300 1186 2362 anti-

143 2470 186 2516 the
215 2468 269 2516 first
297 2469 422 2524 invasion,
450 2481 479 2533 55
498 2480 548 2516 uc.
591 2469 639 2517 See
691 2477 777 2527 teres,
796 2477 858 2516 etc:
880 2467 990 2531 literally
1007 2469 1054 2515 lest
1065 2484 1117 2528 you
1134 2468 1187 2515 call

143 2535 217 2583 Caes.
234 2536 266 2582 B.
283 2537 311 2583 G.
332 2536 377 2582 IV.
397 2549 409 2582 2
413 2549 427 2597 3
440 2534 638 2598 ff.-pe11ere:
690 2537 757 2582 those
766 2542 864 2582 orators
872 2536 916 2581 old
924 2536 980 2581 und
986 2535 1092 2590 amient,
1102 2533 1184 2580 whom

142 2600 203 2649 here
217 2601 259 2648 for
270 2603 398 2662 depellere,
413 2601 457 2649 the
469 2602 561 2664 simple
578 2602 639 2650 verb
689 2602 730 2648 the
755 2617 813 2648 cars
840 2602 872 2665 of
889 2601 930 2648 the
953 2615 1021 2647 same
1039 2600 1185 2661 generatim

141 2667 183 2715 for
192 2668 236 2716 the
246 2667 407 2730 compound;
427 2667 458 2716 cf.
472 2682 507 2730 ¹9·
519 2683 527 2715 r
533 2669 639 2731 flexisse
692 2668 868 2730 (eorundem)
878 2666 1189 2730 mtghthaneybinedana'

144 2735 195 2795 (for
211 2735 359 2797 dcy‘lexisse),
373 2749 411 2798 30.
424 2734 440 2782 8
458 2736 574 2782 cluditur
589 2734 639 2796 (for
689 2735 779 2781 united
790 2732 860 2796 (with
874 2732 918 2781 the
930 2734 1052 2795 present).

141 2802 302 2859 includitur).
722 2798 767 2856 18.
789 2799 923 2862 praedixi,
931 2800 1064 2860 premised
1069 2814 1080 2855 ;
1096 2799 1122 2846 in
1135 2798 1186 2847 this

175 2881 199 2928 5.
225 2867 330 2914 itatfor
339 2869 469 2930 impunes
477 2879 552 2932 3453
566 2866 604 2931 36.
614 2866 637 2915 8.
689 2882 764 2915 sense
784 2866 970 2914 ante-classica]
990 2865 1042 2912 and
1065 2866 1186 2927 post-Au-

141 2962 175 2968 -
184 2934 339 2981 Caesarem
348 2934 460 2996 ipsum:
475 2936 512 2982 in.
523 2935 567 2982 the
577 2949 638 2997 very
688 2941 790 2996 gustan.
799 2961 833 2969 -
843 2933 1032 2995 temporibus:
1057 2931 1109 2979 dat.
1120 2948 1125 2989 ;
1138 2933 1188 2996 for

143 2999 637 3062 Caesaragainstwhomhehadfought
688 3001 756 3048 their
771 2999 900 3064 agn—in
918 3000 1014 3047 medio
1028 2998 1128 3046 sitam:
1147 2999 1183 3044 iu.
1250 3040 1253 3049 .

141 3065 167 3112 in
178 3066 638 3129 Britain-actionibus:post-Au·
688 3061 829 3129 belonging
857 3074 885 3114 to
915 3067 960 3114 the
984 3065 1121 3126 following
1146 3067 1186 3125 (or

142 3133 450 3193 gustanfororntionibus.
463 3133 499 3180 So
506 3133 607 3196 also32.
616 3144 636 3197 5.
688 3135 802 3196 present)
816 3133 975 3195 generation,
994 3146 1023 3181 as
1037 3131 1093 3179 well
1110 3145 1139 3178 as
1158 3138 1185 3179 to

175 3198 198 3246 6.
222 3200 352 3261 proximo
367 3199 529 3262 congiario:
547 3199 610 3247 such
623 3213 639 3246 a
689 3199 733 3247 the
750 3198 1047 3262 preceding-Servio
1062 3197 1185 3246 Galbae:

142 3263 265 3312 donation
278 3265 330 3313 had
342 3266 406 3313 been
419 3267 495 3327 given
507 3267 532 3313 in
543 3279 573 3329 73
584 3277 637 3313 nu).
689 3265 780 3314 consul
794 3279 840 3326 144
854 3265 971 3322 13.c.,ths
997 3271 1113 3312 oremost
1131 3278 1186 3311 ora·

142 3330 168 3378 in
180 3330 225 3379 the
237 3348 312 3380 name
325 3332 354 3380 of
365 3332 555 3380 Titus—divo
568 3346 638 3394 quo·
690 3339 731 3380 tor
748 3331 777 3379 of
794 3332 834 3380 his
852 3330 909 3395 day.
959 3390 961 3395 y
1008 3347 1045 3387 ro,
1059 3333 1088 3379 dc
1106 3330 1150 3378 Or.
1165 3330 1184 3376 l.

142 3411 198 3459 quc
217 3399 369 3461 Augusto:
394 3401 430 3446 in.
444 3414 473 3446 as
488 3398 544 3446 well
562 3413 638 3446 asre-
689 3412 728 3458 40,
753 3413 812 3462 says
836 3397 865 3446 oi
888 3398 949 3455 him,
995 3400 1088 3445 'vz'nnm
1108 3397 1187 3444 honri·

142 3465 233 3528 cently.
266 3466 307 3512 On
320 3466 364 3512 the
376 3465 489 3527 position
502 3464 532 3512 oi
542 3480 639 3528 quoquc
689 3480 745 3512 nem
759 3466 787 3511 in
801 3465 946 3513 dicendo.-
1009 3464 1122 3512 Laelio:
1141 3463 1185 3510 the

142 3530 174 3577 cf.
188 3532 259 3578 Ann.
272 3531 346 3579 XIV.
361 3546 392 3579 20
409 3534 523 3580 Gnaeum
542 3547 639 3594 quoqne
689 3530 849 3579 well-known
861 3529 946 3579 friend
964 3545 980 3578 o
1021 3529 1053 3578 he
1071 3543 1186 3594 younger

143 3598 371 3658 Pompeium-in
389 3599 517 3647 medium
535 3612 637 3660 usque,
690 3597 784 3660 Scipio.
822 3598 865 3645 He
885 3613 937 3646 was
958 3596 1049 3646 consul
1068 3599 1183 3655 14o'u.c

142 3671 205 3710 etc:
222 3679 265 3712 see
275 3666 420 3727 App-ne
433 3665 583 3712 dividatis:
597 3663 638 3712 be·
690 3664 788 3720 Cicero,
802 3664 878 3712 Brut.
891 3662 931 3727 83,
944 3662 1128 3712 characterizes
1144 3659 1185 3708 his

141 3727 199 3777 fore
206 3730 280 3779 these
287 3729 371 3778 words
379 3731 504 3795 supplyin
512 3729 637 3792 thought:
689 3731 868 3794 oratory.—C.
881 3728 1019 3778 Carboni:
1035 3727 1126 3776 consul
1138 3738 1184 3773 120

143 3795 222 3844 ‘This
241 3797 253 3844 Ι
272 3796 516 3860 says-antiquos
537 3809 571 3846 ac
590 3810 637 3844 ve·
690 3808 742 3845 nc.
778 3795 828 3846 See
841 3809 880 3860 34.
893 3795 941 3844 8n.
