2648 4214
117 307 166 351 -ss
181 307 204 366 ⁶]

407 308 595 356 DIALOGVS
620 308 670 356 DE
694 308 940 358 ORATORIBVS.
1180 305 1212 356 63

117 475 314 558 quominus
337 485 371 539 et
399 476 497 539 iudex
522 485 655 558 respuat
682 487 715 539 et
741 476 948 539 adversarius
974 477 1159 557 exprobret,

117 584 181 666 ipsi
205 584 350 666 denique
374 585 526 647 advocati
550 573 780 665 aspernentur.
832 560 940 666 Igitur
952 605 1030 647 vera
1047 582 1159 646 statim
1196 604 1211 650 4

116 702 150 754 ct
175 692 368 774 incorrupta
395 692 585 774 eloquentia
613 693 869 768 imbuebantur;
903 701 937 754 et
962 712 1161 774 quamquam

116 820 219 862 unum
245 810 473 882 sequerentur,
500 810 613 863 tamen
639 821 756 864 omnes
789 800 938 864 eiusdem
964 799 1084 862 aetatis
1108 821 1162 882 pa-

115 917 231 971 tronos
256 908 289 971 in
314 909 466 991 plurimis
493 919 526 971 et
554 910 663 972 causis
687 919 719 971 et
741 909 871 971 iudiciis
893 909 1161 990 cognoscebant;

116 1015 351 1099 habebantque
389 1018 494 1098 ipsius
534 1017 647 1099 populi
689 1016 990 1079 diversissimarum
1032 1016 1160 1079 aurium

116 1126 254 1206 copiam,
273 1146 313 1188 ex
342 1147 406 1208 qua
427 1125 524 1188 facile
549 1125 838 1206 deprehenderent
865 1125 945 1207 quid
970 1124 1004 1186 in
1029 1144 1161 1206 quoque

115 1231 167 1295 vel
199 1234 396 1314 probaretur
428 1232 480 1295 vel
518 1233 721 1314 displiceret.
787 1235 839 1296 Ita
870 1253 933 1296 nec
965 1243 1161 1314 praeceptor
1197 1253 1209 1304 5

115 1341 238 1416 deerat,
258 1342 404 1422 optimus
430 1343 564 1423 quidem
582 1352 615 1403 et
634 1341 866 1417 electissimus
886 1341 942 1423 qui
959 1340 1080 1403 faciem
1097 1339 1161 1402 elo-

115 1449 282 1530 quentiae,
310 1470 375 1510 non
402 1450 581 1530 imaginem
606 1459 801 1531 praestaret,
829 1470 890 1512 nec
919 1448 1099 1511 adversarii
1127 1458 1160 1510 et

114 1557 244 1631 aemuli,
269 1558 367 1632 ferro,
393 1578 458 1619 non
484 1557 621 1620 rudibus
646 1558 854 1632 dimicantes,
874 1577 936 1620 nec
960 1556 1160 1620 auditorium

115 1644 248 1747 semper
263 1666 408 1746 plenum,
425 1686 557 1745 semper
574 1686 697 1727 novum
711 1686 751 1728 ex
769 1665 888 1728 invidis
906 1675 939 1727 et
957 1665 1158 1740 faventibus

115 1783 151 1835 ut
181 1794 242 1836 nec
271 1774 358 1836 bene
387 1794 448 1836 nec
478 1773 563 1835 male
592 1773 681 1836 dicta
709 1772 1007 1836 dissimularentur.
1059 1773 1160 1836 Scitis
1195 1781 1211 1830 6

115 1881 203 1943 enim
229 1902 383 1963 magnam
410 1881 498 1943 illam
525 1891 557 1943 et
584 1883 776 1943 duraturam
802 1880 1013 1963 eloquentiae
1036 1881 1160 1945 lamam

115 2010 182 2051 non
208 1990 318 2052 minus
342 1990 376 2051 in
401 1989 540 2052 diversis
566 1989 733 2052 subselliis
757 1988 865 2071 parari
888 2009 987 2071 quam
1012 1989 1046 2051 in
1071 1990 1160 2067 suis;

115 2097 192 2160 inde
209 2098 289 2179 quin
310 2097 410 2160 immo
433 2098 643 2160 constantius
665 2117 810 2178 surgere,
830 2097 874 2160 ibi
899 2096 1029 2159 fidelius
1055 2118 1161 2161 corro-

113 2288 159 2320 one
180 2289 228 2320 can
250 2274 328 2320 avoid
342 2274 519 2334 punishment,
539 2273 567 2335 is
580 2274 612 2320 he

114 2345 193 2385 utters
201 2340 347 2401 somethingr
378 2339 402 2386 lt
414 2339 437 2386 is
447 2338 498 2386 this
507 2339 611 2400 general

113 2405 206 2452 notion
223 2405 252 2452 of
268 2406 390 2468 avoiding
405 2420 435 2452 or
450 2407 609 2467 preventing,

114 2470 247 2534 attaching
266 2479 294 2519 to
315 2471 358 2519 the
376 2479 505 2528 sentence,
527 2471 610 2519 which

113 2536 224 2600 justifies
233 2537 277 2586 the
288 2553 333 2586 use
343 2537 372 2585 of
381 2553 437 2600 quo
447 2539 544 2587 minus
553 2553 560 2596 ;
578 2537 610 2586 cf.

114 2617 136 2668 3.
152 2617 161 2650 1
172 2619 197 2651 n.
210 2611 319 2652 terreret.
328 2605 509 2652 -contrarie
525 2604 592 2653 dicit
605 2621 610 2652 :

112 2673 150 2718 ie.
175 2669 332 2719 contradicts
356 2671 610 2719 himself.-advo-

113 2737 188 2785 cati:
217 2736 278 2785 here
301 2738 327 2785 in
349 2738 382 2786 its
403 2737 472 2802 early
488 2753 564 2786 sense
582 2737 611 2784 of

113 2805 261 2866 influential
264 2805 370 2869 friends
379 2805 437 2852 who
448 2803 610 2866 encouraged

113 2885 129 2917 a
135 2870 236 2932 litigant
246 2870 280 2936 by
288 2870 354 2918 their
363 2887 486 2934 presence
494 2872 520 2918 in
528 2878 609 2918 court.

114 2937 166 2984 For
180 2937 290 2986 another
303 2939 424 3001 meaning
435 2954 479 2986 see
493 2953 513 2986 1.
528 2951 576 2984 2n.

145 3020 170 3066 4.
195 3004 319 3053 iudiciis:
340 3005 460 3053 different
474 3011 563 3061 eourts,
582 3019 611 3052 as

113 3069 157 3118 the
190 3072 366 3129 centumviral,
396 3072 529 3134 praetor's,
560 3069 610 3119 and

113 3137 422 3187 others—habebant.
439 3173 445 3186 .
462 3173 468 3186 .
483 3138 610 3201 copiam:

113 3206 149 3251 ie.
187 3204 247 3268 they
286 3204 338 3252 had
383 3221 415 3252 au
450 3206 612 3266 opportunity

115 3271 250 3335 (copiam)
265 3271 294 3319 of
307 3271 446 3334 observing
458 3271 502 3318 the
514 3272 611 3318 diuerso

112 3345 174 3385 tuste
198 3338 332 3401 (aurium)
355 3338 383 3385 ot
406 3337 517 3401 popular
541 3335 610 3384 audi·

113 3419 196 3453 ences.
255 3402 257 3407 '

146 3485 170 3534 5.
194 3471 234 3520 ita
252 3485 305 3519 nec
321 3473 433 3520 deerat:
456 3472 492 3518 ita
508 3469 552 3518 for
566 3471 610 3517 ito·

113 3553 179 3600 que;
197 3537 228 3586 cf.
250 3552 286 3599 17.
303 3538 489 3602 5.-taciem:
507 3539 547 3585 i.e.
567 3537 610 3584 the

113 3603 609 3669 truefaee,asopposedtoimaginem,

114 3685 146 3717 an
156 3672 325 3718 imitation—
332 3671 407 3719 terro
415 3684 472 3719 non
482 3669 610 3727 rudibus,

114 3737 175 3784 with
186 3738 242 3784 real
248 3739 369 3798 weapon‘s,
381 3744 424 3784 not
431 3737 493 3784 with
504 3736 612 3800 soils.-

114 3817 149 3852 ex
159 3803 263 3854 invidis
271 3811 300 3853 et
309 3803 487 3854 faventibus:
506 3800 612 3850 attribu·

663 2271 714 2319 tive
735 2270 853 2319 modifier
873 2269 902 2320 ol
924 2271 1106 2330 auditorium,
1124 2289 1159 2320 an

661 2339 781 2385 audienee
799 2338 928 2399 composed
943 2338 975 2402 of
981 2339 1087 2402 friends
1106 2341 1163 2388 and

661 2406 774 2452 enemies.
810 2404 852 2452 On
865 2404 928 2453 such
943 2404 1119 2470 employment
1131 2406 1161 2454 of

661 2469 848 2534 prepositional
865 2470 973 2533 phrases
985 2485 1029 2520 see
1042 2471 1159 2530 Kuhner,

662 2538 737 2601 Aup‘.
754 2538 797 2585 Gr.
812 2538 848 2584 ΙΙ.
862 2537 876 2598 5
891 2536 920 2601 58
932 2552 955 2595 a,
967 2541 991 2598 β.

695 2606 719 2651 6.
743 2604 919 2663 duraturam,
939 2605 1021 2653 which
1043 2605 1100 2654 will
1120 2622 1161 2654 en·
1245 2633 1250 2644 ·

661 2672 743 2726 deiru
772 2669 804 2717 cf.
828 2685 851 2733 9.
877 2684 889 2732 7
915 2672 1160 2720 mansurum-in

661 2737 784 2785 diversis
797 2737 952 2796 subselliis,
962 2753 994 2785 on
1006 2739 1048 2786 the
1059 2738 1160 2786 benches

661 2804 694 2868 of
704 2803 769 2851 one’s
786 2810 926 2866 opponents.
966 2804 1019 2852 For
1036 2804 1159 2854 diversis

661 2871 687 2917 iu
706 2869 750 2918 the
768 2885 843 2918 sense
861 2870 891 2917 of
906 2872 1027 2927 adversis,
1045 2870 1077 2918 cf.
1092 2884 1113 2918 1.
1125 2885 1159 2932 43

662 2936 751 2996 Quint.
763 2937 811 2984 xl.
823 2951 845 3001 3.
858 2950 903 3001 132
915 2938 1023 2985 adversa
1034 2938 1159 2986 subsellia.

663 3003 786 3051 Messalla
795 3018 885 3052 means
895 3003 952 3051 that
961 3003 1006 3052 the
1015 3004 1161 3052 conscious-

662 3085 722 3118 ness
741 3069 769 3117 of
787 3069 909 3133 pleading
927 3069 1017 3119 before
1032 3085 1048 3118 a
1063 3069 1159 3119 hostile

662 3135 787 3184 audieuce
804 3151 880 3199 spurs
896 3151 946 3184 one
964 3151 998 3184 ou
1015 3143 1043 3185 to
1058 3144 1160 3199 greater

662 3201 747 3259 effert,
760 3201 811 3250 and
823 3217 854 3251 so
867 3211 894 3250 to
906 3211 1008 3265 greater
1023 3202 1158 3265 triumphs.

660 3284 791 3331 —quam
812 3269 841 3317 in
861 3269 923 3318 suis
948 3269 990 3332 (sc,
1008 3268 1159 3331 subselliislz

661 3336 741 3398 before
749 3335 814 3383 one’s
823 3351 879 3383 own
886 3338 1029 3398 partisans.
1036 3364 1071 3372 -
1078 3335 1144 3384 inde
1153 3352 1158 3382 :

660 3403 697 3450 ie.
718 3419 749 3450 ex
772 3403 896 3450 subselliis
915 3402 1157 3465 aduersis—quin

663 3470 765 3516 immo:
789 3468 972 3531 post-positive
995 3469 1069 3517 asin
1091 3467 1114 3516 6.
1136 3482 1158 3532 3.

661 3535 887 3584 —constantius
914 3549 1032 3598 surgere
1056 3537 1097 3595 (sc.
1115 3536 1159 3599 fu-

661 3603 756 3666 mone):
778 3603 815 3649 ie.
839 3616 855 3649 a
882 3600 959 3649 fuller
984 3602 1058 3666 glory
1079 3601 1159 3650 arises

661 3668 730 3716 from
742 3667 896 3730 convincing
913 3667 985 3716 one’s
1004 3675 1158 3730 opponente.

661 3734 817 3783 -hdelius
838 3733 1022 3793 corroborari,
1043 3736 1066 3782 is
1086 3735 1160 3782 estah

662 3801 747 3850 lished
755 3807 822 3863 upon
833 3816 849 3848 a
862 3814 932 3849 more
942 3815 1026 3849 secure
1037 3801 1108 3850 basis.
