2648 4214
490 305 516 352 P.
539 304 719 353 CORNELII
744 304 857 352 TACIT
860 304 872 352 1

1139 301 1183 364 [25.
1200 319 1228 349 1-

131 468 169 533 25
228 472 314 533 Tum
333 471 512 535 Messalla:
540 473 689 555 ‘Sequar
705 472 944 554 praescriptam
962 493 981 535 a
997 481 1041 547 te,
1061 475 1224 548 Materne,

180 579 344 656 formam;
376 601 484 662 neque
510 581 598 642 enim
622 580 678 643 diu
703 580 1020 644 contradicendum
1046 589 1097 642 est
1120 581 1224 662 Apro

182 688 250 769 Qui
272 688 425 769 primum,
444 697 480 750 ut
504 689 630 770 opinor,
655 688 800 751 nominis
825 689 1087 752 controversiam
1112 689 1224 764 movit,

182 804 351 878 tamquam
372 817 488 878 parum
511 797 643 878 proprie
665 797 795 879 antiqui
816 807 1025 872 vocarentur,
1044 817 1128 879 quos
1145 797 1227 860 satis

132 925 145 958 2
181 915 313 968 constat
342 914 420 967 ante
449 914 584 967 centum
614 926 719 968 annos
748 904 862 969 fuisse.
929 905 1013 967 Mihi
1045 914 1156 968 autem
1186 906 1227 968 de

179 1014 340 1076 vocabulo
357 1034 469 1095 pugna
482 1034 548 1075 non
562 1023 613 1075 est
627 1036 633 1076 :
659 1014 729 1075 sive
747 1013 819 1077 illos
833 1014 988 1096 antiquos
1002 1013 1071 1077 sive
1085 1014 1226 1077 maiores
1257 1013 1259 1018 ’

181 1122 250 1183 sive
263 1142 328 1203 quo
346 1121 410 1183 alio
427 1122 552 1183 mavult
571 1121 705 1183 nomine
723 1121 877 1203 appellet,
892 1123 971 1184 dum
989 1123 1087 1185 modo
1104 1122 1139 1184 in
1152 1141 1227 1185 con-

180 1230 270 1293 fesso
290 1231 333 1291 sit
354 1229 610 1291 eminentiorem
634 1229 764 1291 illorum
787 1238 974 1311 temporum
999 1230 1225 1312 eloquentiam

131 1360 145 1409 3
180 1338 295 1400 fuisse.
355 1338 408 1399 Ne
441 1337 487 1399 illi
513 1337 647 1419 quidem
676 1337 762 1419 parti
791 1338 954 1400 sermonis
980 1338 1051 1400 eius
1076 1358 1226 1420 repugno

182 1467 247 1528 qua
264 1445 358 1528 quasi
381 1445 532 1508 cominus
550 1445 643 1507 nisus
666 1445 714 1507 fat

718 1454 792 1507 etur
814 1446 926 1527 plures
948 1446 1072 1508 formas
1095 1447 1228 1509 dicendi

131 1578 147 1623 4
181 1554 282 1616 etiam
307 1553 413 1615 isdem
439 1553 590 1627 saeculis,
610 1554 732 1615 nedum
757 1553 907 1628 diversis,
929 1552 1108 1618 exstitisse.
1160 1554 1228 1617 Sed

180 1682 246 1744 quo
260 1663 357 1723 modo
371 1661 459 1723 inter
472 1661 607 1725 Atticos
625 1672 774 1725 oratores
791 1662 916 1743 primae
934 1662 1156 1725 Demostheni
1172 1662 1228 1724 tri-

181 1771 338 1844 buuntur,
358 1769 544 1851 proximum
562 1778 674 1832 autem
692 1769 801 1832 locum
819 1769 1009 1833 Aeschines
1030 1779 1063 1832 et
1085 1770 1228 1854 Hyperi-

182 1880 241 1941 des
268 1888 301 1940 et
330 1878 450 1961 Lysias
478 1886 510 1940 et
539 1878 714 1961 Lycurgus
744 1878 908 1953 obtinent,
937 1878 1084 1940 omnium
1114 1887 1227 1940 tamen

134 2008 146 2058 5
183 2006 345 2051 concessu
377 1986 460 2051 haec
490 1995 656 2049 oratorum
686 1995 779 2049 aetas
811 1986 953 2049 maxime
985 1987 1152 2067 probatur,
1179 1986 1228 2049 sic

181 2096 268 2177 apud
290 2115 351 2157 nos
376 2095 493 2157 Cicero
518 2094 651 2176 quidem
677 2103 807 2158 ceteros
832 2095 1013 2157 eorundem
1038 2102 1227 2175 temporum

214 2266 259 2325 25.
290 2269 421 2327 formam,
444 2271 518 2331 plan.
533 2296 567 2303 -
584 2283 677 2331 neque

182 2337 239 2394 diu,
252 2342 280 2383 at
291 2352 324 2383 no
337 2342 414 2397 great
423 2336 530 2398 length,·
547 2337 593 2382 diu
606 2351 634 2383 as
652 2336 678 2382 in

184 2401 422 2450 11.1.-n0minis
439 2401 678 2450 controversiam:

181 2471 218 2516 tle.
232 2469 275 2516 the
288 2468 433 2516 discussion
452 2467 533 2515 about
551 2468 595 2515 the
609 2467 679 2515 word

180 2536 324 2597 antiqni.-
332 2534 559 2583 controversiam
572 2534 678 2582 movit:

181 2602 213 2650 cf.
240 2601 276 2650 16.
298 2615 307 2648 1
334 2603 502 2664 quaestionem
527 2602 680 2648 movisti.-

181 2677 330 2731 tamquam
344 2686 349 2715 :
379 2683 423 2716 see
445 2680 481 2716 10.
503 2682 518 2728 4
531 2683 555 2715 n.
569 2680 678 2714 -cen-

181 2744 255 2784 tum:
278 2735 321 2782 the
340 2734 425 2782 round
442 2733 559 2790 number,
577 2732 679 2782 instead

179 2801 209 2849 of
220 2808 318 2849 centum
331 2808 355 2848 et
365 2803 460 2863 viginti
471 2816 498 2849 as
512 2800 602 2848 above.

213 2881 236 2915 2.
257 2868 318 2916 sive
338 2867 402 2916 illos
421 2867 555 2929 antiquos
569 2902 575 2914 .
590 2902 596 2914 .
611 2901 617 2915 .
631 2881 679 2929 ap-

181 2934 277 2998 pellet,
290 2936 325 2982 let
335 2935 390 2981 lu'm
403 2934 455 2981 call
466 2935 531 2980 tlrem
547 2933 678 2996 ‘antiqui,’

180 3017 210 3047 or
222 3001 358 3056 ‘maioren’
371 3017 401 3047 or
412 3001 442 3062 by
452 3016 505 3062 any
517 3001 588 3047 other
605 3016 679 3047 name

180 3069 211 3115 he
228 3067 415 3130 preferu—in
434 3066 570 3115 confesso
589 3067 640 3114 sit:
664 3081 680 3112 a

730 2283 868 2332 repugno.
916 2268 1040 2317 Messalla
1060 2282 1150 2316 means
1170 2267 1228 2316 that

731 2336 808 2397 Aper,
822 2335 890 2383 after
901 2349 917 2382 a
929 2334 1093 2398 preliminary
1104 2333 1227 2382 skirmish

730 2401 810 2449 about
822 2401 867 2449 the
879 2400 1001 2463 meaning
1013 2400 1042 2448 of
1052 2402 1162 2463 antiqui,
1175 2399 1227 2448 had

730 2474 756 2515 at
773 2467 824 2516 last
842 2466 967 2530 grappled
978 2467 1039 2515 with
1058 2467 1098 2515 his
1116 2466 1226 2530 subject.

731 2535 772 2582 On
783 2533 827 2582 the
837 2533 986 2596 expression
1000 2533 1131 2582 cominus
1144 2533 1227 2582 nisus

730 2599 761 2648 cf.
775 2602 846 2647 Ann.
860 2600 907 2648 IV.
922 2613 949 2664 51
964 2601 1099 2648 adversum
1113 2602 1228 2647 resisten-

729 2668 762 2714 tis
779 2668 894 2714 cominus
912 2667 1140 2715 niti-fatetur:
1158 2672 1228 2728 post·

731 2734 869 2795 Augustan
886 2732 929 2781 for
946 2734 1014 2790 dicit,
1027 2748 1056 2782 as
1073 2733 1099 2781 in
1115 2745 1151 2793 17.
1165 2747 1228 2793 4.-

730 2800 839 2848 iormas
858 2800 980 2858 dicendi,
993 2801 1067 2862 styles
1079 2800 1111 2864 of
1118 2806 1227 2861 oratory.

762 2881 787 2927 4.
811 2880 868 2929 quo
886 2866 989 2914 modo:
1008 2881 1063 2914 rare
1079 2865 1169 2913 before
1183 2865 1229 2913 the

731 2933 870 2994 Augustan
879 2947 930 2980 era.
960 2932 1016 2980 The
1024 2932 1119 2995 phrase
1127 2931 1228 2995 usually

730 2998 804 3046 takes
823 2999 867 3047 the
885 2998 953 3047 form
974 3015 1045 3061 quem
1064 2999 1226 3046 admodum.

730 3065 904 3128 -primae:
932 3082 964 3113 sc.
983 3072 1079 3127 partes,
1103 3065 1143 3112 the
1163 3064 1229 3127 first

180 3135 389 3196 post-Augustam
398 3133 467 3180 form
477 3132 506 3179 of
514 3133 678 3195 expression3
725 3133 852 3193 place,—
869 3131 1005 3196 originally
1038 3146 1054 3179 a
1092 3131 1226 3179 theatrical

180 3200 213 3248 cf.
223 3203 286 3263 Agr.
302 3215 311 3247 1
327 3203 356 3247 in
367 3207 459 3261 aperto.

213 3282 237 3327 3.
262 3267 302 3315 illi
321 3267 396 3329 parti
418 3266 576 3314 sermonis:
600 3264 679 3313 allud-

180 3333 224 3395 ing
246 3333 411 3397 particularly
433 3341 460 3380 to
484 3333 528 3379 the
552 3330 679 3394 thoughts

180 3399 320 3448 contained
337 3399 363 3446 in
379 3397 415 3446 18.
429 3401 485 3459 4τή
504 3400 557 3446 illis
575 3414 678 3460 quoque,

180 3482 242 3528 quos
253 3468 345 3513 vocatis
357 3468 475 3528 antiquos
486 3466 578 3526 plures
589 3465 679 3525 species

179 3533 338 3593 deprehendi,
353 3549 396 3580 nec
411 3534 495 3579 statim
509 3532 618 3579 deterius
630 3546 680 3578 esse

180 3601 249 3661 quod
269 3601 398 3646 diversum
423 3607 571 3661 esa—qua
595 3597 679 3660 quasi

181 3665 313 3714 cominus
333 3666 424 3723 nisus,
437 3666 527 3721 where,
540 3667 641 3726 coming
656 3669 680 3710 to

180 3733 242 3779 close
264 3739 388 3793 quarters,
412 3748 439 3778 so
457 3739 481 3778 to
503 3733 596 3792 speak;
621 3745 679 3778 con-

181 3797 282 3859 tinuing
291 3797 336 3846 the
345 3797 425 3859 figure
436 3797 521 3859 begun
534 3798 560 3844 in
571 3811 678 3859 pugna,

731 3204 803 3254 term,
834 3199 875 3246 tlte
902 3199 1007 3260 leading
1033 3199 1091 3246 rdle.
1104 3225 1138 3233 —
1155 3199 1227 3245 haec

730 3272 876 3314 oratorum
895 3272 993 3325 aetas:
1014 3267 1051 3312 i.e.
1064 3265 1156 3312 horum
1174 3280 1229 3312 ora-

729 3338 813 3379 torum
831 3338 900 3378 aetas
907 3324 920 3388 ,²
938 3330 969 3378 cf.
984 3344 1005 3378 2.
1021 3345 1031 3378 1
1045 3348 1072 3380 eo
1088 3333 1230 3394 tragoediae

729 3404 885 3460 argumento.
922 3398 1012 3463 Lysias
1033 3397 1160 3461 preceded
1183 3397 1228 3447 the

730 3464 806 3512 other
823 3472 926 3513 orators
944 3465 1005 3514 here
1023 3464 1174 3515 mentioned
1194 3465 1228 3531 by

730 3529 786 3578 half
802 3547 819 3579 a
835 3540 943 3597 century
954 3547 985 3581 or
1002 3548 1089 3593 more;
1107 3541 1150 3600 yet
1167 3541 1195 3582 at
1212 3548 1229 3582 a

730 3595 846 3647 distance
856 3599 885 3646 of
896 3599 957 3647 four
965 3600 1094 3649 centuries
1104 3600 1229 3649 Messalla

730 3663 794 3713 does
806 3672 853 3713 not
865 3665 977 3714 hesitate
989 3673 1017 3714 to
1026 3667 1093 3716 class
1102 3666 1157 3715 him
1166 3666 1228 3715 with

730 3729 774 3778 the
787 3731 883 3780 others.

764 3811 788 3858 5.
814 3797 923 3858 Cicero,
950 3799 1066 3857 Calvus,
1089 3806 1154 3849 etc:
1177 3798 1231 3850 this
