2648 4214
115 322 164 370 -tu
181 323 206 385 6]
406 319 595 370 DIALOGVS
620 319 671 368 DE
695 318 940 369 ORATORIBVS.
1182 317 1213 369 73

114 485 346 568 explicantur!
397 486 484 550 Nam
509 507 575 570 quo
599 488 697 551 modo
719 487 849 551 nobiles
867 507 971 571 equos
992 507 1109 552 cursus
1129 495 1163 550 et
1198 507 1213 558 3

115 594 223 677 spatia
253 594 405 677 probant,
437 595 485 659 sic
510 604 562 658 est
595 595 714 678 aliquis
739 604 907 659 oratorum
933 616 1079 677 campus,
1105 615 1165 676 per

113 725 213 789 quem
232 702 297 766 nisi
316 703 412 766 liberi
429 712 463 766 et
481 703 583 767 soluti
600 704 760 788 ferantur,
779 703 973 768 debilitatur
988 725 1026 768 ac
1043 704 1165 787 frangi-

114 826 169 878 tur
189 815 390 898 eloquentia.
443 816 555 897 Ipsam
576 815 778 898 quinimmo
802 836 913 879 curam
936 823 970 878 et
993 813 1164 897 diligentis
1199 835 1215 881 4

114 923 184 988 stili
199 923 404 987 anxietatem
423 924 624 987 contrariam
641 924 839 1006 experimur,
859 924 936 1006 quia
952 943 1052 1005 saepe
1069 910 1169 985 iriter-

114 1040 210 1114 rogat
237 1032 336 1095 iudex
363 1033 495 1114 quando
517 1032 666 1115 incipias,
689 1040 723 1095 et
745 1052 786 1095 ex
808 1031 1071 1114 interrogatione
1093 1029 1165 1092 eius

115 1138 344 1221 incipiendum
371 1148 433 1215 est,
460 1140 656 1223 frequenter
684 1139 937 1223 probationibus
962 1147 996 1201 et
1021 1137 1166 1201 testibus

116 1246 289 1311 silentium
317 1248 485 1330 inpatiens
511 1248 638 1312 indicit.
698 1248 796 1311 Vnus
823 1247 911 1310 inter
934 1246 1016 1310 haec
1041 1245 1167 1309 dicenti

114 1364 172 1418 aut
206 1352 291 1418 alter
322 1355 455 1419 adsistit
490 1365 523 1419 et
556 1376 610 1452 res
638 1355 729 1419 velut
763 1355 797 1418 in
830 1354 1011 1419 solitudine
1042 1353 1163 1436 agitur.

117 1463 252 1528 Oratori
286 1475 400 1527 autem
433 1463 576 1528 clamore
608 1465 794 1547 plausuque
822 1484 906 1545 opus
935 1471 986 1526 est
1015 1470 1049 1524 et
1065 1461 1164 1525 'velut
1203 1481 1215 1533 5

117 1572 261 1654 quodam
278 1572 411 1635 theatro
427 1593 434 1649 ;
451 1572 561 1654 qualia
577 1572 715 1636 cottidie
732 1571 878 1653 antiquis
891 1570 1078 1634 oratoribus
1092 1590 1197 1671 conyyy
1208 1528 1283 1632 JK*

117 1680 306 1762 tingebant,
325 1701 401 1744 cum
418 1689 469 1743 tot
487 1680 612 1763 pariter
627 1701 666 1744 ac
683 1688 751 1743 tam
770 1679 899 1743 nobiles
916 1679 1026 1741 forum
1044 1679 1167 1742 coarta-

118 1796 202 1863 rent,
221 1774 297 1852 cum
321 1788 498 1853 clientelae
521 1809 653 1871 quoque
675 1809 714 1852 ac
731 1788 840 1851 tribus
849 1767 892 1850 'et
909 1786 1166 1868 municipiorum

118 1895 220 1959 etiam
252 1895 439 1979 legationes
467 1917 506 1960 ac
538 1917 614 1979 pars
640 1896 758 1959 Italiae
789 1895 1055 1983 periclitantibus
1083 1894 1167 1957 adsi-

118 2012 233 2079 steret,
253 2025 329 2067 cum
358 2004 392 2067 in
421 2004 588 2087 plerisque
614 2003 744 2068 iudiciis
767 1999 917 2067 crederet
941 2002 1083 2085 populus
1102 2003 1166 2065 Ro-

118 2132 238 2174 manus
261 2111 326 2182 sua
347 2112 512 2176 interesse
541 2112 620 2195 quid
649 2112 860 2175 iudicaretur.
919 2111 1008 2175 Satis
1034 2118 1166 2174 constat
1201 2126 1217 2175 6

120 2219 157 2284 C.
188 2219 381 2283 Cornelium
410 2229 444 2283 et
474 2222 521 2286 M.
550 2221 711 2285 Scaurum
743 2229 776 2283 et
809 2221 847 2284 T.
880 2219 1041 2283 Milonem
1066 2230 1100 2281 et
1127 2213 1165 2283 L.

121 2327 269 2391 Bestiam
299 2336 332 2390 et
363 2329 395 2392 P.
421 2328 594 2391 Vatinium
624 2349 789 2393 concursu
821 2328 926 2390 totius
959 2326 1104 2390 civitatis
1133 2338 1166 2389 et

117 2442 293 2498 accusatos
314 2446 347 2498 et
369 2436 538 2512 defensos,
557 2445 594 2499 ut
616 2436 851 2519 frigidissimos
869 2455 1001 2518 quoque
1018 2443 1166 2498 oratores

150 2627 174 2673 3.
200 2629 256 2677 quo
275 2615 377 2663 modo:
400 2629 445 2663 see
464 2627 502 2679 25·
520 2628 535 2676 4
553 2630 619 2662 n.-
669 2614 731 2663 time
760 2630 790 2663 so
822 2629 900 2678 many
931 2613 982 2661 and
1013 2629 1044 2663 so
1072 2612 1167 2662 noble!

117 2692 221 2729 cursus
233 2688 262 2729 et
273 2681 376 2743 spatia,
386 2683 501 2743 spurious
512 2697 617 2738 caurus,
670 2681 744 2729 With
773 2688 816 2730 tot
848 2680 900 2728 and
930 2680 1042 2729 nobiles
1072 2680 1167 2745 supply

115 2745 269 2811 hendiadys.
483 2786 486 2793 .
669 2749 796 2807 homines3
820 2747 852 2795 cf.
868 2747 926 2795 Sen.
940 2748 990 2809 Ep.
1012 2745 1065 2795 108.
1083 2745 1115 2810 38
1133 2753 1169 2794 tot

147 2827 172 2873 4.
198 2813 267 2876 quin
295 2814 399 2862 immo:
429 2814 616 2877 post-positive.
667 2831 696 2862 ac
719 2813 1041 2862 talium—adsisteret:
1070 2813 1096 2861 in
1122 2812 1167 2862 the

115 2879 165 2928 See
183 2879 206 2928 6.
226 2881 513 2943 3n.—contrariam,
528 2882 616 2944 sutile,
667 2880 771 2945 judicia]
791 2896 874 2937 sense,
894 2880 1104 2943 post-Augustan
1124 2879 1167 2927 for

115 2944 179 2994 used
188 2946 381 3011 predicatively.
416 2949 468 2995 For
478 2947 522 2995 the
532 2963 618 2995 mean·
668 2947 713 2996 the
730 2947 821 2996 earlier
837 2948 928 3004 adesse,
937 2948 1016 2995 stand
1031 2948 1060 3009 by
1076 2963 1121 2994 one
1135 2962 1166 2993 on

112 3012 158 3074 ing
178 3012 210 3061 cf.
235 3026 274 3076 34.
297 3008 522 3077 3n.-2quando
546 3015 617 3062 inei·
666 3014 1165 3076 trial,ascounseloractivesupporter.

114 3079 187 3141 pias,
204 3081 279 3127 when
292 3097 345 3143 you
354 3080 390 3129 're
403 3083 485 3144 going
499 3088 524 3129 to
538 3081 616 3143 begin,
700 3083 725 3129 6.
745 3081 776 3128 C.
797 3080 980 3129 Cornelium:
1003 3079 1114 3128 accused
1138 3079 1167 3127 of

112 3147 151 3192 i.e.
171 3161 247 3194 come
272 3154 299 3195 to
323 3147 368 3195 the
392 3148 484 3209 point;
509 3146 617 3196 indirect
668 3155 771 3196 treason
806 3147 832 3195 in
867 3146 899 3211 65
935 3157 993 3202 rae..
1026 3145 1077 3193 and
1111 3161 1167 3194 suc-

113 3212 244 3274 question.
262 3227 349 3261 -ex
394 3213 617 3276 interrogatione
669 3213 790 3278 cessfully
813 3212 943 3262 defended
967 3211 1000 3277 by
1024 3213 1167 3260 Cicero.—

114 3278 187 3339 eius,
201 3279 323 3342 asterkis
339 3280 617 3343 inquiry.-indicit:
669 3281 828 3330 Scaurum:
864 3287 1025 3343 pro-praetor
1058 3279 1088 3327 of
1122 3279 1167 3326 the

112 3361 145 3391 sc.
166 3346 255 3402 iudex,
277 3348 314 3393 tle.
336 3346 369 3394 he
390 3362 454 3394 even
478 3347 617 3408 interrupts
667 3347 789 3410 province
813 3346 842 3394 of
871 3345 990 3394 Sardinia
1011 3345 1039 3393 in
1064 3357 1094 3410 55
1116 3357 1166 3392 mc,

114 3411 159 3459 the
171 3419 310 3474 argument
323 3412 374 3461 and
389 3413 434 3461 the
446 3412 619 3461 evidence-
669 3413 746 3461 After
763 3413 803 3462 his
821 3422 909 3461 return
922 3419 949 3460 to
969 3413 1053 3459 Rome
1069 3411 1102 3459 he
1115 3426 1167 3460 was

113 3491 190 3527 unus
210 3487 260 3527 aut
279 3479 365 3528 alter:
387 3481 446 3542 only
461 3496 507 3528 one
525 3496 554 3527 or
570 3486 619 3527 two
669 3478 780 3528 accused
792 3480 822 3528 of
837 3479 974 3535 extortion,
987 3477 1034 3527 but
1046 3493 1098 3527 was
1112 3493 1167 3526 suc·

113 3543 213 3593 friends
235 3560 279 3593 are
298 3553 410 3608 present,
429 3561 458 3594 as
479 3545 619 3608 compared
669 3545 792 3610 cessfully
806 3544 936 3593 defended
953 3544 987 3608 by
1005 3545 1097 3592 Cicero
1115 3543 1167 3591 and

113 3610 176 3658 with
208 3612 253 3659 the
283 3612 379 3674 throng
407 3612 466 3660 who
494 3612 618 3677 formerly
669 3611 974 3669 others-Milonem,
1025 3609 1165 3668 Bestiam,

113 3676 241 3739 gathered
261 3677 288 3726 iu
310 3679 354 3727 the
373 3687 539 3727 court-room.
575 3679 616 3727 On
670 3679 832 3729 Vatinium:
845 3677 879 3726 all
887 3676 1015 3725 defended
1023 3675 1165 3741 byCicero.

113 3759 184 3791 unus
195 3750 243 3791 aut
252 3746 319 3792 alter
329 3760 374 3794 see
385 3759 409 3808 9.
422 3743 475 3792 611.
667 3773 701 3781 —
713 3744 919 3807 frigidissimos
954 3757 1077 3807 quoque,
1106 3759 1166 3790 even

149 3823 173 3872 5.
188 3810 427 3872 pariter=simul‚
439 3818 478 3860 ‘at
490 3811 535 3860 the
545 3827 616 3860 same
668 3813 709 3860 the
726 3812 834 3869 coldrst;
858 3824 972 3874 quoque
988 3810 1015 3858 in
1032 3809 1076 3858 the
1092 3824 1167 3876 sense
