2648 4214
112 300 146 350 68

468 302 495 348 P.
516 301 696 350 CORNELII
721 301 850 350 TACITI

1120 301 1210 361 [Sd-6-

163 467 300 549 quentia
316 475 373 530 aut
389 467 528 550 adsequi
545 488 645 549 posse
667 468 701 530 in
724 468 859 533 civitate
883 478 940 531 aut
965 470 1053 532 tueri
1077 471 1210 552 conspi-

114 597 127 645 7
164 596 263 639 cuum
289 585 323 638 et
348 574 552 638 eminentem
576 575 695 639 locum.
747 577 820 640 Nec
844 576 974 652 mirum,
1002 599 1077 640 cum
1106 577 1209 641 etiam

163 683 260 747 inviti
280 684 321 746 ad
342 683 501 767 populum
526 684 797 765 producerentur,
817 706 891 748 cum
917 706 1033 767 parum
1058 696 1150 749 esset
1174 687 1210 749 in

164 800 282 857 senatu
307 791 453 855 breviter
475 812 622 869 censere,
641 792 706 856 nisi
722 793 796 876 quis
815 793 949 876 ingenio
967 802 1000 856 et
1018 793 1211 876 eloquentia

164 900 365 964 sententiam
383 920 477 963 suam
494 904 655 977 tueretur,
670 922 745 964 cum
763 901 797 964 in
814 900 957 984 aliquam
977 901 1134 965 invidiam
1151 913 1210 966 aut

164 1009 290 1072 crimen
315 1009 424 1072 vocati
449 1029 509 1071 sua
532 1029 614 1072 voce
639 1010 908 1092 respondendum
932 1008 1105 1086 haberent,
1131 1031 1210 1074 curn

163 1117 356 1180 testimonia
387 1137 519 1198 quoque
550 1116 585 1179 in
618 1117 748 1181 iudiciis
781 1138 847 1180 non
880 1119 1037 1182 absentes
1062 1138 1125 1182 nec
1150 1139 1211 1200 per

163 1225 319 1288 tabellam
348 1225 436 1300 dare,
462 1225 520 1287 sed
547 1246 657 1288 coram
687 1234 721 1288 et
748 1234 943 1308 praesentes
971 1226 1081 1289 dicere
1113 1247 1211 1309 coge-

114 1341 129 1390 8
164 1341 288 1397 rentur.
332 1333 384 1396 Ita
396 1334 437 1396 ad
451 1353 580 1396 summa
593 1334 801 1415 eloquentiae
815 1333 961 1415 praemia
973 1354 1094 1415 magna
1107 1335 1210 1398 etiam

164 1441 348 1504 necessitas
364 1441 553 1515 accedebat,
573 1451 606 1503 et
623 1461 688 1523 quo
705 1442 804 1504 modo
821 1441 983 1504 disertum
1008 1442 1123 1505 haberi
1140 1442 1211 1524 pul-

164 1550 280 1613 chrum
305 1559 339 1612 et
365 1548 555 1631 gloriosum,
583 1549 631 1612 sic
663 1558 779 1612 contra
810 1559 941 1612 mutum
974 1559 1007 1612 et
1040 1549 1209 1632 elinguem

115 1655 152 1721 37
164 1657 268 1720 videri
297 1657 447 1720 deforme
476 1657 669 1720 habebatur,
731 1658 821 1738 Ergo
850 1678 917 1719 non
946 1657 1056 1719 minus
1089 1659 1211 1721 rubore

164 1786 262 1848 quam
298 1764 453 1846 praemiis
489 1764 756 1840 stimulabantur,
791 1785 833 1827 ne
866 1764 1100 1828 clientulorum
1135 1764 1210 1829 loco

164 1873 276 1956 potius
301 1893 399 1954 quam
425 1883 640 1954 patronorum
666 1882 930 1948 numerarentur,
957 1893 1000 1935 ne
1024 1873 1167 1936 traditae
1191 1895 1212 1936 a

164 1979 343 2043 maioribus
370 1979 636 2042 necessitudines
665 1980 706 2042 ad
731 1980 813 2042 alios
842 1980 1033 2055 transirent,
1059 2001 1103 2042 ne
1127 1990 1211 2044 tam-

162 2109 260 2171 quam
279 2088 403 2150 inertes
421 2096 455 2150 et
473 2108 539 2150 non
557 2087 733 2151 suffecturi
750 2087 932 2151 honoribus
950 2099 1006 2151 aut
1024 2109 1090 2150 non
1108 2089 1211 2171 impe-

115 2220 128 2253 2
164 2205 290 2260 trarent
323 2203 380 2257 aut
412 2195 608 2277 impetratos
640 2194 727 2258 male
758 2205 942 2259 tuerentur.
1009 2196 1133 2258 Nescio
1166 2218 1209 2260 an

163 2304 315 2367 venerint
334 2303 368 2365 in
388 2324 506 2366 manus
523 2313 652 2366 vestras
681 2304 763 2367 haec
780 2313 903 2379 vetera,
923 2325 1007 2386 quae
1024 2313 1057 2366 et
1076 2303 1109 2366 in
1126 2305 1211 2367 anti-

164 2412 355 2494 quariorum
375 2411 587 2474 bibliothecis
612 2412 720 2475 adhuc
745 2421 881 2475 manent
907 2421 940 2474 et
966 2433 1040 2475 cum
1066 2413 1210 2476 maxime

164 2541 183 2582 a
207 2519 365 2582 Muciano
392 2519 636 2582 contrahuntur
662 2540 699 2582 ac
729 2520 793 2581 iam
820 2519 985 2594 undecim,
1013 2529 1050 2581 ut
1079 2520 1208 2601 opinor,

197 2674 221 2722 7.
246 2661 282 2708 ad
306 2660 444 2724 populum
472 2662 663 2723 produceren-

164 2734 228 2776 tur:
252 2729 289 2774 in·
309 2742 374 2774 were
393 2726 506 2789 brought
527 2742 597 2790 upon
618 2727 662 2774 the

165 2793 262 2841 Rostra
291 2800 318 2840 to
348 2791 456 2841 address
485 2793 529 2841 the
560 2794 661 2856 people.

165 2860 333 2907 -breviter
362 2872 490 2917 censere,
510 2860 567 2908 nisi
596 2860 661 2923 quis

164 2933 308 2975 tueretur:
338 2925 382 2973 the
406 2926 493 2974 clause
516 2927 574 2974 nisi
597 2927 662 2990 quis

164 2999 292 3042 tueretur
310 2993 331 3040 is
344 2999 391 3040 not
410 3001 437 3040 to
450 2992 482 3041 be
495 2991 621 3056 regarded
634 3008 663 3040 as

164 3058 332 3106 subordinate
345 3066 373 3107 to
389 3060 515 3109 breviter
532 3073 661 3123 censere,

164 3124 210 3173 but
223 3125 244 3172 is
257 3125 344 3173 rather
352 3126 521 3190 explanatory
530 3125 559 3173 of
570 3126 597 3174 it.
623 3126 663 3174 ‘It

164 3206 216 3239 was
240 3199 285 3239 too
314 3192 380 3240 little
405 3199 433 3240 to
456 3192 536 3255 speak
565 3192 662 3256 briefly,

164 3259 201 3305 i.e.
215 3258 234 3306 it
253 3273 305 3306 was
323 3266 369 3306 too
388 3258 453 3307 little
471 3259 492 3306 if
509 3274 525 3307 a
545 3275 604 3307 man
617 3257 661 3306 did

164 3331 211 3372 not
234 3332 344 3387 support
364 3324 404 3373 his
425 3326 532 3387 opinion
552 3326 585 3390 by
604 3324 662 3373 able

163 3390 559 3454 speech.’-respondendum
575 3393 663 3440 habe-

165 3465 220 3504 ret:
238 3473 281 3506 see
296 3459 358 3506 intr.
371 3473 396 3520 p.
406 3457 457 3505 xxi.
466 3472 558 3522 —per
572 3458 662 3506 tabel-

165 3522 231 3582 lam,
245 3525 274 3584 by
291 3525 434 3587 depositr'on.

197 3593 222 3637 8.
246 3605 303 3652 quo
327 3593 430 3640 modo:
454 3607 497 3640 see
517 3604 554 3655 25.
574 3606 664 3651 411.-

165 3664 277 3705 mutum
291 3666 319 3705 et
332 3658 477 3721 elinguem
490 3675 496 3704 :
514 3658 545 3706 cf.
555 3658 619 3722 Livy
628 3659 660 3706 X.

168 3735 204 3786 19.
217 3735 231 3784 7
244 3740 276 3771 ex
288 3730 392 3772 mutnet
405 3725 504 3786 elingui
512 3725 660 3788 facundum

164 3791 238 3837 ctione
252 3791 376 3838 consulem
390 3791 515 3839 haberent.

745 2657 790 2716 37.
816 2662 927 2718 rubore,
935 2677 1004 2708 sense
1012 2661 1043 2724 of
1045 2661 1176 2717 skame,-
1185 2662 1210 2710 in

713 2726 765 2774 this
773 2726 894 2789 meaning
901 2728 1151 2788 post-Augustan—
1160 2728 1211 2775 cli·

713 2792 894 2841 entulorum:
917 2792 961 2840 the
985 2791 1136 2840 diminutive
1160 2808 1212 2841 em-

712 2859 830 2921 phasizes
851 2858 895 2907 the
915 2858 1011 2920 feeling
1028 2858 1057 2906 of
1076 2866 1211 2923 contempt

712 2925 754 2973 for
775 2925 851 2974 those
871 2925 930 2973 who
951 2924 1012 2973 held
1030 2925 1074 2973 the
1094 2925 1210 2988 position

713 2991 743 3040 of
764 2994 870 3040 clientes.
906 2991 963 3040 The
986 2992 1057 3040 word
1081 2992 1103 3040 is
1126 2991 1211 3040 found

713 3059 774 3123 only
786 3058 854 3116 here,
867 3057 918 3106 and
931 3059 956 3106 in
969 3058 1118 3106 AnnXll.
1131 3058 1212 3123 36.-

713 3125 959 3174 neeessitudines:
989 3127 1027 3172 ie.
1048 3125 1092 3174 the
1112 3125 1211 3173 heredi·

713 3199 769 3256 tary
782 3192 906 3240 relations
918 3191 947 3238 of
964 3207 980 3240 a
989 3199 1117 3253 patronus
1129 3199 1157 3240 to
1170 3192 1212 3240 his

712 3259 854 3306 clientes.—-
860 3273 917 3307 non
928 3258 1087 3316 suffecturi,
1098 3259 1213 3322 unequnl

712 3324 996 3387 to.-impetrarent:
1014 3340 1048 3374 sc.
1062 3326 1176 3372 honores.

745 3404 770 3438 2.
794 3393 867 3438 haec
879 3399 977 3439 vetera
989 3408 995 3439 ε
1013 3392 1079 3439 these
1087 3392 1132 3439 old
1140 3392 1212 3440 docu-

714 3458 1092 3520 menta—antiquariorum:
1114 3472 1130 3505 a
1141 3465 1213 3520 post-

715 3526 852 3586 Augustan
865 3523 944 3572 word.
980 3525 1032 3572 For
1044 3524 1077 3571 its
1089 3525 1213 3586 meaning

714 3590 739 3637 in
764 3590 808 3638 the
831 3592 961 3652 Dialogus
989 3606 1033 3640 see
1058 3604 1095 3638 21.
1117 3604 1213 3653 9η.-

713 3670 779 3706 cum
801 3657 935 3715 maxime,
957 3673 1014 3705 now
1028 3658 1211 3720 particularly,

713 3738 741 3772 as
759 3723 785 3770 in
806 3723 842 3771 16.
864 3737 976 3773 11.-a
1000 3723 1156 3772 Muciano:
1181 3724 1212 3772 C.

714 3789 828 3839 Licinius
845 3790 990 3849 Mucianus,
1003 3789 1059 3838 well
1073 3788 1170 3838 known
1184 3805 1214 3839 as
