2648 4214
113 317 144 366 54

468 320 494 367 Ρ.
517 319 697 367 CORNELII
707 319 849 375 tTACITl

1121 319 1168 379 [ar-
1185 333 1215 380 s-

163 485 246 549 ullas
271 485 454 550 crebriores
480 507 555 549 cum
580 486 787 549 auditoribus
817 486 886 549 suis
916 484 1045 550 fabulas
1068 488 1212 566 habent;

135 607 137 611 ’
163 593 325 676 colligunt
343 594 432 656 enim
449 594 630 675 discipulos
648 615 715 656 non
736 594 915 656 severitate
932 595 1128 677 disciplinae
1145 618 1211 662 nec

162 701 289 784 ingenii
321 702 559 784 experimento
594 703 652 764 sed
685 702 866 765 ambitione
904 703 1140 766 salutationum
1176 715 1211 768 et

158 809 334 873 inlecebris
359 810 569 874 adulationis

114 916 151 982 30
210 919 360 982 Transeo
392 919 499 1000 prima
527 919 728 982 discentium
758 919 933 995 elementa,
960 921 994 982 in
1024 921 1145 1002 quibus
1176 932 1211 985 et

114 1049 127 1082 2
163 1026 244 1108 ipsis
270 1047 385 1108 parum
412 1027 604 1090 laboratur:
639 1047 701 1090 nec
729 1027 763 1089 in
788 1022 980 1091 auctoribus
1005 1049 1211 1110 cognoscen-

163 1134 214 1197 dis
243 1154 306 1198 nec
338 1134 372 1196 in
401 1134 582 1197 evolvenda
614 1135 815 1217 antiquitate
847 1156 908 1198 nec
942 1135 975 1196 in
1008 1136 1127 1198 notitia
1155 1138 1211 1200 vel

162 1263 271 1305 rerum
288 1243 341 1305 vel
363 1242 534 1305 hominum
548 1243 600 1305 vel
623 1253 810 1324 temporum
832 1243 914 1306 satis
931 1263 1051 1324 operae
1073 1243 1211 1308 insumi-

113 1373 128 1421 3
164 1360 240 1427 tur;
273 1351 332 1432 sed
358 1361 560 1431 expetuntur
585 1371 667 1433 quos
698 1351 848 1413 rhetoras
873 1361 1004 1414 vocant.
1055 1352 1210 1433 Quorum

163 1459 325 1541 professio
355 1460 487 1541 quando
516 1459 659 1540 primum
692 1459 725 1521 in
754 1459 839 1522 hanc
869 1460 984 1521 urbem
1018 1460 1212 1525 introducta

163 1567 206 1630 sit
228 1587 395 1650 quamque
412 1567 535 1630 nullam
553 1568 640 1649 apud
662 1567 804 1629 maiores
822 1577 955 1629 nostros
973 1567 1210 1632 auctoritatem

163 1675 317 1738 habuerit
342 1675 456 1738 statim
478 1675 638 1748 dicturus,
658 1675 800 1737 referam
821 1694 960 1738 necesse
982 1685 1034 1738 est
1059 1675 1210 1740 animum

162 1785 203 1846 ad
226 1803 297 1846 eam
321 1783 529 1864 disciplinam
552 1803 617 1865 qua
638 1803 717 1845 usos
738 1803 813 1845 esse
832 1802 888 1844 eos
912 1793 1059 1845 oratores
1081 1785 1211 1866 accepi-

162 1912 236 1955 mus
261 1913 400 1974 quorum
423 1891 574 1953 infinitus
598 1890 691 1953 labor
715 1901 748 1952 et
772 1890 954 1953 cottidiana
977 1891 1150 1954 meditatio
1175 1902 1210 1955 et

163 2000 197 2062 in
215 2000 305 2063 omni
327 2019 450 2082 genere
468 1999 653 2061 studiorum
671 1999 828 2061 adsiduae
845 1999 1101 2062 exercitationes
1123 1999 1211 2082 ipso-

113 2132 128 2178 4
164 2130 236 2171 rum
253 2108 352 2171 etiam
376 2108 591 2172 continentur
613 2106 714 2170 libris,
766 2107 877 2168 Notus
900 2116 950 2169 est
973 2107 1067 2169 vobis
1091 2108 1210 2190 utique

164 2216 335 2281 Ciceronis
353 2216 445 2291 liber,
460 2214 517 2298 qui
535 2216 658 2277 Brutus
676 2214 879 2289 inscribitur,
896 2214 929 2276 in
948 2214 1041 2278 cuius
1059 2224 1211 2280 extrema

162 2335 257 2408 parte
276 2328 365 2409 (narn
385 2323 474 2405 prior
498 2322 847 2386 commemorationem
869 2333 1021 2385 veterum
1038 2333 1209 2388 oratorum

163 2475 319 2524 themselves
343 2473 398 2522 talk
419 2474 521 2522 oftener
541 2473 570 2520 oi
595 2473 658 2521 such

162 2542 277 2605 subjects
292 2540 354 2588 than
367 2540 396 2588 of
413 2555 464 2604 any
475 2540 581 2598 others;
600 2553 660 2587 cre-

162 2609 272 2659 briores
296 2607 317 2656 is
341 2605 405 2655 used
428 2606 659 2669 predicatively.-

162 2674 271 2739 ingenii
295 2673 500 2737 experimento,
520 2673 549 2734 by
568 2674 662 2735 giving

162 2742 245 2805 proof
256 2741 288 2804 of
299 2741 367 2788 their
383 2741 463 2787 talent
473 2739 516 2787 for
533 2739 659 2801 teaching.

161 2808 358 2856 -ambitione
383 2806 603 2855 salutationum:
622 2807 659 2853 ie.

161 2876 223 2940 they
234 2890 299 2923 even
311 2889 361 2938 pay
370 2881 445 2921 court
457 2881 484 2921 to
497 2871 564 2921 their
575 2872 661 2935 pupils

161 2942 195 3007 by
218 2941 324 3004 making
347 2940 467 3002 morning
497 2939 559 2987 calls
590 2954 660 3001 upon

162 3008 240 3058 them.

194 3074 238 3133 30.
263 3084 379 3125 transeo
411 3095 444 3116 =
473 3075 657 3136 praetermitto,

161 3145 264 3201 omitto,·
283 3159 299 3191 a
310 3158 390 3205 usage
401 3149 448 3190 not
460 3142 581 3205 frequent
594 3140 659 3188 until

161 3210 205 3258 the
214 3211 422 3273 post-Augustan
431 3209 545 3258 era-in
555 3209 659 3271 quibus

161 3285 189 3325 et
213 3277 293 3340 ipsis,
315 3294 346 3325 on
367 3278 450 3325 which
475 3293 535 3338 very
557 3277 659 3338 suh'ects

159 3345 219 3391 also.
255 3346 293 3392 Et
303 3347 355 3406 ipse
366 3360 458 3393 occurs
468 3344 543 3406 again
552 3343 579 3391 in
587 3356 626 3407 37.
634 3358 658 3403 4.

192 3425 217 3460 2.
232 3413 416 3461 auctoribus:
431 3413 468 3459 ie.
480 3411 642 3472 scriptoribus
647 3424 658 3466 ;

159 3493 175 3526 a
186 3481 395 3541 post-Augustan
409 3493 530 3540 usage.—
537 3477 566 3526 in
580 3476 657 3525 evol·

159 3546 252 3595 venda
275 3546 461 3608 antiquitate:
488 3543 532 3592 the
555 3549 613 3605 past
636 3542 658 3589 is

159 3612 272 3675 thought
296 3612 325 3661 of
346 3627 375 3660 as
397 3626 414 3659 a
435 3609 507 3658 book
530 3607 613 3657 which
637 3608 658 3656 is

160 3678 276 3728 unrolled
288 3694 317 3727 as
329 3679 348 3726 it
361 3679 382 3727 is
395 3675 497 3725 read-
505 3689 577 3738 quos
594 3676 656 3722 rhe-

158 3754 237 3794 toras
266 3753 379 3803 vocant,
408 3744 525 3790 secalled
553 3741 657 3789 rhetori·

157 3814 235 3861 cians.
262 3810 319 3859 The
328 3808 479 3874 expression
488 3808 589 3871 implies
598 3822 656 3855 con·

711 2480 810 2535 tempt;
829 2473 860 2521 cf.
872 2483 910 2537 35.
926 2485 936 2520 1
951 2475 979 2520 in
991 2474 1087 2521 scholas
1099 2475 1209 2524 istorum

709 2541 757 2602 qui
767 2541 877 2587 rhetores
889 2546 1019 2587 vocantur.

743 2620 767 2666 3.
792 2620 913 2668 quorum
959 2606 1111 2668 professio,
1143 2615 1210 2656 etc:

711 2687 782 2734 upon
811 2671 878 2720 their
909 2672 964 2721 first
993 2687 1153 2735 appearance
1183 2683 1211 2724 at

712 2739 796 2786 Rome
818 2740 909 2801 (paulo
935 2746 993 2786 ante
1011 2745 1123 2801 tempora
1146 2743 1212 2790 Cice·

712 2807 789 2863 renis,
808 2821 852 2854 see
870 2818 909 2869 35.
931 2806 953 2864 1)
975 2805 1019 2854 the
1040 2805 1211 2857 rhetoricians

711 2887 777 2920 were
794 2880 841 2920 not
861 2871 996 2936 favorably
1014 2872 1138 2931 received,
1157 2874 1211 2922 and

711 2937 738 2985 in
755 2952 787 3001 9²
803 2951 851 2986 mc.
865 2954 930 2986 were
949 2938 1094 3002 compelled
1112 2939 1146 3006 by
1165 2941 1211 2989 the

712 3019 816 3053 censors
835 3012 862 3052 to
880 3005 951 3054 close
970 3005 1036 3054 their
1056 3006 1211 3056 schools.—

711 3072 810 3121 statim
832 3072 978 3121 dicturus:
1004 3073 1127 3122 Messalla
1144 3072 1210 3123 does

710 3139 762 3187 this
779 3139 805 3186 in
824 3152 863 3204 35.
885 3139 923 3186 If.
936 3140 1062 3203 -prius
1085 3138 1209 3188 referam

710 3220 831 3255 necesse
845 3215 889 3256 est
904 3207 1043 3265 animum,
1052 3206 1212 3268 Imustfirst

709 3276 787 3322 direct
809 3291 878 3337 your
901 3273 1209 3322 attention—infinitus

709 3342 795 3397 labor,
801 3349 861 3389 etc:
873 3342 910 3388 ie.
921 3340 964 3388 the
973 3347 1083 3388 account
1092 3338 1121 3386 ot
1128 3338 1209 3387 them.

742 3423 766 3469 4.
791 3408 839 3470 qui
878 3409 987 3456 Brutus
1027 3405 1209 3455 inscribitur:

709 3474 823 3523 Cicero’s
857 3473 961 3522 famous
994 3473 1065 3521 work
1099 3487 1133 3520 on
1163 3473 1209 3522 the

708 3541 807 3604 history
825 3539 854 3587 oi
870 3538 1016 3588 celebrated
1037 3546 1146 3588 orators.
1182 3539 1209 3588 It

709 3623 761 3655 was
787 3605 930 3669 composed
955 3607 980 3654 in
1004 3605 1036 3666 46
1055 3618 1112 3665 B.c.‚
1133 3605 1209 3656 three

707 3689 780 3738 years
797 3672 887 3720 before
904 3672 949 3721 the
965 3672 1073 3721 orator’s
1086 3671 1209 3720 death.-

707 3747 835 3787 extrema
848 3746 943 3800 parte:
962 3737 1101 3801 beginning
1117 3745 1145 3786 at
1157 3751 1207 3804 305

707 3805 736 3853 of
747 3805 791 3853 the
803 3805 911 3853 Brutus.
