2648 4214
115 295 165 338 -10,
180 288 219 354 12]

401 288 590 337 DIALOGVS
614 289 663 336 DE
686 289 931 337 ORATORIBVS.

116 477 249 539 quoque
271 466 359 520 artes
385 476 539 519 exercere
564 456 742 545 honestum
761 465 822 530 est,
841 477 879 519 ac
895 456 958 518 tibi
977 456 1162 519 Nicostrati

117 565 217 628 robur
233 585 272 628 ac
289 565 376 626 vires
393 564 438 627 dii
455 565 637 639 dedissent,
656 585 722 627 non
747 573 880 645 paterer
905 564 1067 627 immanes
1088 564 1160 627 illos

116 682 149 734 et
175 675 216 736 ad
243 693 390 754 pugnam
416 682 513 735 natos
540 673 683 735 lacertos
707 672 842 735 levitate
868 672 966 735 iaculi
990 683 1047 735 aut
1072 673 1160 736 iactu

115 781 198 844 disci
215 801 404 856 vanescere,
423 781 471 844 sic
488 801 577 844 nunc
600 790 634 842 te
657 782 698 843 ab
720 779 893 843 auditoriis
914 790 946 842 et
968 781 1108 843 theatris
1127 780 1160 842 in

115 889 225 983 iorum
242 898 276 952 et
295 890 349 974 [ad
366 909 483 952 causas
501 899 534 951 et
547 889 605 974 ad]
624 909 703 951 vera
721 889 847 970 proelia
867 909 959 963 voc0,
978 910 1053 951 cum
1070 909 1160 970 prae·
1194 906 1209 954 8

83 1006 90 1016 '
116 997 230 1059 sertim
248 1017 291 1059 ne
307 998 348 1060 ad
365 997 446 1060 illud
463 997 597 1079 quidem
615 998 797 1079 confugere
810 997 929 1078 possis,
944 998 1031 1091 quod
1048 997 1161 1078 pleris-

115 1124 180 1187 que
192 1106 427 1187 patrocinatur,
441 1114 610 1187 tamquam
622 1106 732 1167 minus
743 1105 922 1167 obnoxium
934 1105 1161 1168 sitoffendere

115 1222 288 1294 poetarum
302 1235 412 1296 ⁴quam
438 1222 607 1277 oratorum
632 1206 817 1277 studium*
844 1196 1163 1277 Effervescit‘eninr
1194 1236 1210 1285 9

115 1321 165 1384 vis
193 1321 435 1403 pulcherrimae
460 1330 598 1384 naturae
623 1331 709 1396 tuae,
737 1342 799 1385 nec
824 1342 883 1402 pro
908 1321 1014 1392 amico
1039 1322 1158 1404 aliquo,

115 1430 183 1505 sed,
202 1431 290 1512 quod
314 1408 533 1511 periculosius
547 1439 619 1504 est,
642 1451 701 1511 pro
728 1430 857 1492 Catone
881 1429 1035 1499 offendis.
1086 1430 1159 1494 Nec
1180 1460 1210 1497 10

116 1547 293 1601 excusatur
309 1538 439 1601 offensa
457 1538 704 1601 necessitudine
728 1537 827 1601 officii
851 1548 908 1600 aut
933 1540 999 1635 fule
1024 1540 1160 1602 advoca·

115 1644 217 1709 tionis
233 1655 290 1708 aut
308 1646 467 1708 fortuitae
491 1654 524 1708 et
547 1646 679 1709 subitae
704 1646 860 1710 dictionis
877 1645 1028 1727 impetu:
1060 1647 1161 1710 medi-

115 1762 205 1817 tatus
241 1753 364 1817 videris
401 1754 544 1836 elegisse
580 1774 755 1836 personam
793 1754 975 1817 notabilem
1012 1764 1046 1817 et
1082 1776 1158 1818 cum

107 1847 315 1925 'auctoritate
339 1862 512 1926 dicturam.
568 1861 685 1925 Sentio
710 1862 790 1944 quid
814 1863 1008 1944 responderi
1032 1853 1159 1944 possit:

115 1968 194 2033 hinc
210 1969 366 2051 ingentes
380 1970 542 2033 exsistere
554 1971 727 2045 adsensus
743 1970 825 2033 haec
840 1970 872 2031 in
891 1970 971 2051 ipsis
984 1972 1158 2035 auditoriis
1179 1995 1205 2029 11

114 2077 291 2159 praecipue
323 2078 450 2141 laudari
482 2087 515 2140 et
544 2099 620 2141 mox
651 2079 799 2140 omnium
832 2079 1041 2165 sermonibus
1069 2079 1157 2162 ferri.

114 2168 210 2248 Tolle
227 2185 329 2271 igitur
345 2172 467 2267 quietis
481 2194 515 2248 et
529 2172 719 2249 securitatis
733 2170 992 2261 excusationem,
1008 2197 1083 2250 cum
1097 2187 1159 2250 tibi
1179 2218 1208 2252 12

115 2314 227 2356 sumas
243 2293 468 2357 adversarium
486 2293 691 2376 superiorem
706 2314 713 2370 ;
740 2293 836 2357 nobis
854 2294 936 2357 satis
953 2294 996 2357 sit
1013 2295 1158 2376 privatas

114 2469 174 2510 tate
199 2460 302 2510 iaculi:
331 2460 375 2509 the
398 2460 495 2524 javelin
518 2477 571 2510 was
595 2476 611 2510 a

114 2527 180 2590 light
209 2541 555 2590 weapon.-vanescere:
585 2528 611 2576 in

113 2609 191 2656 prose
216 2609 233 2642 a
261 2595 469 2656 post-Augustan
493 2593 612 2643 word.-

115 2662 151 2710 ab
165 2660 287 2709 theatris
299 2677 305 2707 ε
323 2661 360 2708 ae.
372 2660 442 2719 from
454 2661 610 2718 recitations,

115 2726 198 2775 which
211 2741 277 2774 were
290 2726 363 2774 often
376 2727 436 2775 held
449 2727 475 2775 in
489 2727 610 2782 theatres.
639 2766 641 2770 ,

103 2793 172 2862 5The
193 2793 325 2842 reference
345 2801 440 2842 cannot
459 2793 491 2841 be
510 2801 537 2841 to
557 2792 612 2841 dra·

115 2858 193 2908 matie
210 2859 412 2923 performances‚
429 2860 499 2910 since
516 2869 542 2922 at
561 2859 611 2909 this

115 2927 177 2974 time
201 2926 245 2974 the
274 2925 416 2989 legitimare
442 2925 532 2975 drama
559 2925 612 2974 had

115 2991 285 3057 disappeared
318 2992 388 3042 from
428 2993 473 3042 the
509 2993 612 3041 Roman

114 3069 195 3124 stage.

147 3132 172 3177 8.
190 3136 353 3191 tamquam:
372 3127 438 3176 asin
451 3127 612 3186 4.—ollen-

115 3197 193 3245 dere:
210 3194 359 3258 dependent
370 3210 438 3257 upon
447 3194 612 3252 obnoxium,

661 2477 732 2518 seem,
743 2469 791 2510 etc.
827 2461 983 2511 meditatus
992 2461 1014 2510 is
1027 2462 1071 2510 the
1083 2464 1160 2526 parti·

662 2528 734 2590 ciple,
748 2527 799 2575 aud
817 2528 838 2575 is
851 2528 988 2592 employed
1005 2528 1039 2593 by
1052 2530 1159 2578 Tacitus

662 2594 722 2659 only
742 2594 804 2642 here
827 2595 853 2642 in
876 2595 910 2643 its
931 2595 1013 2643 active
1034 2611 1160 2644 sense.-

662 2674 835 2723 personam:
864 2661 911 2708 viz.
936 2662 1160 2712 Cato—dictu-

662 2741 736 2775 ram:
754 2727 786 2774 cf.
800 2740 822 2788 9.
836 2740 883 2787 7n.
896 2744 1059 2775 mansurum.

696 2807 735 2841 11.
754 2794 836 2842 binc:
854 2796 891 2842 tle.
904 2794 972 2843 from
985 2804 1084 2860 poetry.

696 2873 735 2907 12.
754 2860 822 2908 tolle
846 2860 947 2923 igitur:
965 2856 1039 2910 s'ome
1056 2877 1159 2910 assume

662 2926 873 2975 alaeunabefore
884 2927 956 2975 these
964 2928 1056 2976 words.
1080 2930 1117 2976 At
1126 2930 1159 2977 all

662 3001 752 3041 events
764 3009 801 3041 we
815 3001 884 3042 must
899 2995 991 3059 supply
1003 2995 1029 3042 in
1046 2995 1159 3058 thought

663 3075 735 3109 some
753 3060 816 3109 such
837 3060 928 3108 notion
950 3076 992 3109 as:
1012 3062 1077 3109 ‘But
1096 3077 1160 3126 your

663 3127 789 3188 language
813 3127 874 3175 thus
897 3127 969 3189 gives
992 3127 1036 3176 the
1059 3137 1160 3190 greater

663 3193 764 3241 offense
788 3201 815 3241 to
840 3193 915 3241 those
940 3194 966 3241 in
991 3210 1084 3256 power,
1108 3194 1159 3242 and

115 3263 264 3312 aGrecism.
288 3262 345 3310 The
357 3261 474 3310 classical
484 3269 613 3308 construc-
651 3260 751 3322 ,brings
774 3269 875 3322 greater
898 3261 960 3322 peril
984 3268 1011 3308 to
1038 3262 1159 3325 yourself.

114 3331 169 3379 tion
181 3331 204 3379 is
216 3331 261 3378 the
271 3328 357 3377 dative
367 3328 396 3377 of
408 3343 515 3387 anoun;
532 3327 564 3376 ef.
575 3328 612 3375 16.

113 3412 128 3457 4
141 3398 292 3461 manifestus
302 3398 407 3458 accingi.

143 3478 182 3512 ro.
195 3462 411 3513 necessitudine
419 3461 516 3510 officii:
530 3460 613 3508 ‘from

113 3530 242 3594 necessity
255 3529 286 3578 of
300 3528 460 3592 perlorming
472 3543 505 3576 an
518 3526 613 3590 obliga-

114 3597 169 3645 tion
177 3597 191 3654 ’3
208 3596 360 3644 necessitudo
370 3595 611 3643 here=necessitan

113 3663 281 3713 -lortuitae
295 3670 322 3710 et
337 3661 613 3722 subitae=extempo

113 3731 186 3777 mlh.
222 3729 272 3778 See
295 3727 318 3777 6.
342 3727 611 3784 8n.—rneditatus,

114 3804 169 3855 etc,
182 3796 244 3845 with
257 3795 389 3844 deliberate
396 3801 510 3858 purpose
520 3795 552 3843 do
558 3809 612 3857 you

664 3327 806 3375 Therefor‘e
824 3337 895 3391 away
909 3328 976 3389 (tolle
993 3329 1081 3389 agitur)
1091 3325 1159 3379 ‘with
1209 3352 1211 3355 ·

663 3395 708 3443 the
725 3394 785 3457 plea
799 3394 855 3442 that
872 3402 964 3458 poetry
976 3394 998 3443 is
1016 3410 1032 3442 a
1049 3394 1160 3458 tranquil

663 3459 716 3510 and
734 3470 823 3514 secute
841 3461 1003 3524 occupatiori,
1022 3461 1092 3509 since
1109 3476 1161 3525 you

664 3527 780 3594 yourself
798 3528 871 3576 incur
894 3528 938 3576 the
962 3527 1078 3592 hostility
1097 3527 1126 3575 of
1145 3543 1162 3575 a

663 3596 783 3657 superior
800 3602 940 3657 opponent,
956 3594 1000 3643 the
1020 3593 1162 3656 Emperor!

662 3662 838 3724 -privatas
862 3661 1095 3709 controversias:
1124 3662 1161 3707 tle.

664 3729 743 3778 those
754 3743 827 3777 cases
839 3727 920 3776 which
937 3741 1047 3774 concern
1062 3727 1163 3774 neither

664 3796 711 3849 the
739 3802 807 3848 state
836 3809 884 3844 nor
912 3794 957 3842 the
984 3793 1165 3856 Emperor.-
