2648 4214
119 303 169 349 -ra
181 297 207 362 3]

411 298 599 347 DIALOGVS
622 299 672 346 DE
693 298 936 347 ORATORlBVS.

121 465 265 541 mereri;
296 475 421 547 quanto
446 475 559 528 tamen
584 466 766 548 pulchrius
794 466 823 529 si
847 467 894 529 ita
918 487 981 541 res¹
996 466 1168 529 familiaris

121 572 242 654 exigat,
262 593 298 635 se
316 573 424 656 ipsum
442 573 560 650 colere,
580 595 676 636 suum
701 574 837 656 genium
863 575 1052 656 propitiare,
1072 595 1165 637 suam

121 681 267 780 experiri
292 680 550 745 liberalitatem!
610 681 719 745 Adice
747 683 835 764 quod
863 681 982 763 poetis,
1013 681 1041 745 si
1069 683 1167 744 modo
1188 703 1217 738 10

121 789 260 872 dignum
276 788 399 872 aliquid
422 790 592 878 elaborare
615 798 648 852 et
670 790 801 879 efficere
818 789 932 865 velint,
952 789 1168 872 relinquenda

120 897 330 961 conversatio
359 897 540 968 amicorum
570 906 604 960 et
634 890 823 962 iucunditas
852 897 953 973 urbis
983 898 1168 961 deserenda

120 1014 232 1069 cetera
257 1005 373 1080 officia,
402 1015 505 1087 utque
532 1005 595 1086 ipsi
619 1005 745 1081 dicunt,
773 1005 807 1068 in
834 1026 971 1068 nemora
999 1015 1033 1068 et
1061 1005 1164 1081 lucos

121 1113 153 1176 id
186 1123 238 1176 est
270 1112 304 1175 in
336 1112 551 1176 solitudinem
584 1114 807 1177 secedendum
841 1123 902 1176 est.
968 1114 1021 1176 Ne
1053 1113 1165 1194 opinio
1180 1113 1215 1176 10
1271 1090 1280 1117 ³

120 1221 255 1303 quidem
278 1230 312 1283 et
333 1221 430 1296 fama,
455 1221 510 1284 cui
533 1220 595 1284 soli
617 1221 766 1284 serviunt
793 1230 826 1284 et
851 1222 938 1303 quod
964 1242 1067 1284 unum
1093 1242 1166 1284 esse

119 1329 264 1410 pretium
284 1328 393 1392 omnis
413 1329 535 1391 laboris
558 1329 610 1392 sui
632 1329 791 1404 fatentur,
810 1349 915 1411 aeque
932 1339 1049 1410 poetas
1066 1351 1164 1411 quam

119 1445 268 1500 oratores
304 1437 465 1519 sequitur,
499 1437 655 1518 quoniam
692 1436 876 1500 mediocres
912 1446 1030 1518 poetas
1067 1458 1165 1500 nemo

119 1538 221 1613 novit,
248 1539 354 1601 bonos
379 1537 485 1619 pauci.
537 1538 680 1620 Quando
705 1537 793 1600 enim
818 1538 1060 1601 rarissimarum
1086 1539 1165 1602 reci·
1200 1569 1214 1602 2

119 1645 284 1709 tationum
312 1646 402 1709 fama
431 1645 464 1707 in
493 1655 598 1714 totam
625 1647 741 1708 urbem
768 1647 946 1727 penetrat?
979 1647 1101 1709 nedum
1128 1655 1164 1709 ut

119 1775 178 1837 per
205 1764 256 1817 tot
285 1753 473 1835 provincias
507 1753 719 1830 innotescat;
755 1763 877 1836 quotus
909 1755 1058 1837 quisque,
1089 1776 1163 1818 cum
1200 1777 1214 1827 3

119 1883 160 1925 ex
178 1862 344 1944 Hispania
359 1862 412 1924 vel
430 1861 515 1927 Asia
534 1868 589 1948 (ne
608 1862 688 1944 quid
706 1863 747 1924 de
769 1862 873 1925 Gallis
894 1862 1017 1924 nostris
1037 1863 1163 1945 loquar)

119 1971 152 2033 in
170 1971 285 2034 urbem
303 1969 405 2045 venit,
422 1969 568 2033 Saleium
584 1973 725 2034 Bassum
742 1952 905 2052 requirit?
953 1970 1069 2052 Atque
1081 1973 1164 2034 adeo

119 2078 147 2142 si
164 2079 240 2160 quis
257 2078 403 2160 requirit,
423 2088 459 2140 ut
477 2079 581 2140 semel
597 2079 689 2153 vidit,
708 2077 830 2141 transit
847 2086 880 2140 et
898 2087 1078 2141 contentus
1101 2088 1162 2154 est,

118 2268 230 2317 colere:
247 2284 272 2315 se
284 2268 306 2316 is
322 2267 387 2332 obj.;
406 2270 489 2330 ipsunt
508 2267 617 2331 subj.-

118 2335 236 2398 genium
256 2349 342 2383 suum
361 2335 525 2398 propitiare,
544 2336 618 2382 make

116 2401 182 2449 oru’s
188 2402 280 2463 genius
284 2403 434 2462 propitr'ous.
462 2401 616 2463 Thegem'us

116 2484 168 2517 was
190 2467 234 2515 the
252 2467 371 2532 tutelary'
382 2466 452 2532 deity
469 2467 560 2525 which,
578 2483 617 2516 ac-

116 2534 224 2597 cording
237 2541 265 2582 to
278 2533 322 2582 the
337 2535 439 2582 Roman
452 2534 615 2597 conception,

116 2617 189 2651 came
201 2602 257 2649 into
271 2601 401 2648 existence
414 2600 475 2649 with
488 2600 532 2649 the
546 2600 615 2648 birth

72 2667 75 2674 '
116 2668 145 2717 of
167 2669 231 2716 each
254 2666 397 2715 individual
421 2666 473 2714 and
495 2666 615 2730 presided

116 2751 179 2783 over
199 2735 239 2783 his
260 2733 363 2798 destiny
384 2733 477 2797 during
497 2734 558 2793 liie3
582 2734 614 2783 ci.

118 2803 183 2850 Hor.
197 2803 247 2862 Ep.
263 2802 298 2849 ΙΙ.
312 2815 334 2848 2.
351 2799 404 2861 187.

151 2883 190 2917 10.
209 2867 400 2926 conversatio,
422 2869 581 2924 intercourse,
600 2883 616 2915 a

115 2937 325 2998 post-Augustam
338 2949 417 2996 usage
433 2933 462 2981 of
480 2934 524 2982 the
536 2933 614 2982 word.

115 3010 244 3064 —utque
258 3001 314 3065 ipsi
331 3001 439 3059 dicunt,
453 3001 481 3049 in
496 3015 615 3049 nemora

116 3077 145 3116 et
163 3069 262 3117 lucos:
280 3068 312 3116 cf.
334 3069 398 3115 Hor.
416 3069 466 3128 Ep.
487 3068 522 3115 Il.
542 3081 563 3113 2.
582 3081 612 3128 77

114 3137 268 3196 scrrptorum
283 3136 375 3182 chorus
393 3136 477 3182 omnis
487 3141 560 3181 amat
576 3150 615 3181 ne·

115 3218 173 3248 mus
190 3208 214 3249 et
222 3203 298 3265 sugit
315 3203 409 3250 urbem.

150 3265 194 3323 10.
219 3268 325 3331 opinio,
342 3269 483 3329 reputation
491 3283 501 3324 ;
520 3267 546 3315 in
562 3266 614 3315 this

114 3334 235 3382 absolute
256 3350 331 3384 sense
356 3335 615 3398 post-Augustan—

115 3401 207 3464 quod:
227 3401 355 3452 attracted
374 3403 429 3450 into
449 3401 493 3449 the
510 3416 569 3449 case
586 3401 615 3448 of

114 3467 148 3516 its
174 3468 313 3532 predicate,
339 3470 613 3534 pretium—aeque

114 3551 202 3599 quam
215 3555 220 3583 :
238 3537 281 3585 for
293 3553 370 3601 aeque
383 3554 411 3584 ac
418 3552 430 3594 ;
448 3536 569 3599 frequent
587 3535 614 3583 in

113 3605 324 3667 post-Augustan
341 3603 425 3660 Latin,
439 3602 576 3666 especially
588 3601 613 3649 in

113 3672 235 3735 negative
258 3679 402 3725 sentences,
423 3685 465 3732 ng.
487 3671 558 3716 Anu.
578 3669 614 3716 Il.

116 3751 145 3802 52
159 3738 232 3785 nihil
248 3753 325 3800 aeque
341 3736 475 3784 cavebatur
488 3751 565 3799 quam
584 3751 615 3782 no

114 3806 207 3854 bellurn
221 3811 290 3853 metu
301 3804 437 3852 eluderent.

701 2283 726 2317 a.
745 2267 967 2326 rarissimarum,
984 2268 1025 2314 the
1042 2269 1164 2326 enatant,-

667 2334 700 2382 cf.
718 2333 761 2381 for
780 2333 831 2382 this
853 2349 908 2381 rare
929 2334 1050 2396 meaning
1071 2335 1100 2382 of
1120 2335 1164 2383 the

667 2399 747 2456 word,
757 2402 821 2462 Agr.
831 2414 847 2459 4
856 2407 937 2447 mater
946 2417 1022 2449 rarae
1030 2403 1163 2452 castitatis:

667 2479 680 2527 7
692 2467 828 2514 rarissima
838 2467 1123 2516 moderatio—nedum
1132 2477 1163 2517 ut

667 2534 840 2590 innotescat,
849 2535 905 2581 still
915 2535 963 2580 less
974 2535 1029 2581 does
1041 2536 1063 2581 it
1073 2535 1164 2582 become

666 2601 776 2655 known:
796 2600 902 2647 nedum
915 2608 947 2648 ut
962 2600 1005 2647 for
1021 2602 1121 2648 nedum.
1131 2631 1165 2638 —

667 2682 718 2730 per
738 2675 780 2715 tot
801 2667 973 2730 provincias,
995 2668 1104 2730 through
1123 2669 1165 2716 the

661 2737 803 2796 provinces,
822 2751 849 2781 so
867 2750 945 2794 many
963 2736 991 2781 in
1010 2736 1164 2782 number.—

666 2810 773 2864 quotus
794 2802 926 2864 quisque,
948 2802 1005 2848 how
1017 2801 1091 2864 few!
1127 2801 1163 2849 So

666 2869 722 2917 also
749 2868 787 2916 26.
821 2868 1007 2916 11.-Gallis
1028 2868 1163 2915 nostris:

667 2936 738 2998 Aper
749 2934 854 2983 himself
873 2949 924 2982 was
940 2949 955 2981 a
967 2934 1042 2982 Gaul.
1079 2935 1128 2982 See
1142 2949 1162 2982 2.

668 3015 712 3049 1n.
725 3001 776 3049 and
791 3003 861 3056 lntr.‚
875 3017 899 3063 p.
912 3016 952 3047 xv.

697 3083 722 3128 3.
741 3076 772 3117 ut
786 3068 877 3116 semel
888 3067 976 3114 vidit:
994 3067 1080 3115 citha
1092 3075 1164 3131 story

664 3134 690 3182 in
705 3135 785 3198 Pliny,
798 3136 848 3195 Ep.
865 3135 899 3181 ΙΙ.
914 3149 936 3197 3.
949 3133 972 3189 8,
986 3134 1015 3181 of
1027 3134 1070 3182 the
1085 3134 1164 3196 Span-

664 3200 719 3248 iard
734 3202 792 3248 who
811 3199 957 3265 journeyed
975 3209 1003 3248 to
1022 3202 1106 3248 Rome
1123 3200 1165 3248 ior

665 3268 709 3315 the
732 3283 845 3330 purpose
870 3268 898 3315 oi
925 3267 1067 3329 beholding
1093 3267 1163 3330 Livy,

665 3334 716 3382 and
729 3350 800 3396 upon
813 3335 902 3398 seeing
920 3336 973 3382 him
989 3332 1165 3397 immediately

665 3400 786 3449 returned
813 3402 898 3450 home.
912 3402 1095 3450 —vidissetz
1119 3400 1164 3447 the

665 3468 810 3530 pluperlect
831 3469 899 3525 here,
919 3477 945 3516 at
964 3469 1083 3516 varianae
1102 3466 1163 3514 with

665 3536 710 3583 the
731 3534 805 3584 usual
829 3532 959 3599 sequence
978 3535 1007 3582 of
1030 3543 1117 3583 tenses
1133 3533 1163 3600 in

665 3603 767 3650 clauses
788 3601 817 3649 of
838 3602 889 3650 this
913 3609 980 3666 type,
1002 3601 1164 3663 emphasizes

666 3669 710 3716 the
734 3667 823 3716 unreal
847 3669 979 3716 character
1002 3668 1031 3715 oi
1054 3668 1098 3716 the
1121 3666 1164 3731 hy-

665 3735 790 3797 pothesis.
816 3735 865 3782 See
874 3735 990 3791 Kiihner,
999 3735 1055 3782 Lat.
1066 3735 1163 3792 Graan,

668 3800 703 3850 11.
717 3802 730 3864 ᾗ
744 3815 799 3863 224,
815 3813 836 3865 5,
850 3800 927 3850 Anm.
941 3816 962 3866 3.
