2648 4214
112 305 144 355 56

464 307 490 352 P.
513 305 693 354 CORNELII
718 305 846 353 TACITI

1118 302 1166 361 [so.
1181 303 1212 348 a

161 483 239 554 apte
263 472 374 535 dicere
398 494 457 554 pro
482 474 646 555 dignitate
671 494 790 549 rerum,
809 475 850 536 ad
875 473 1054 536 utilitatem
1079 481 1210 554 tempo-

113 580 149 644 31
166 602 248 656 rum,
276 603 351 644 cum
375 581 547 663 voluptate
571 582 777 644 audientium
802 582 918 663 possit.
969 582 1045 644 Hoc
1070 581 1134 644 sibi
1160 580 1209 643 illi

115 1797 129 1845 3

115 2227 130 2273 4

117 2658 130 2710 5

162 698 292 752 veteres
315 699 559 771 persuaserant,
581 692 622 753 ad
647 691 709 753 hoc
732 690 942 753 efficiendum
964 689 1207 771 intellegebant

162 819 246 880 opus
264 819 348 872 esse,
368 819 434 860 non
458 807 495 861 ut
512 799 546 860 in
563 800 734 861 rhetorum
758 799 879 862 scholis
897 799 1122 862 declamarent
1144 818 1208 861 nec

162 916 199 968 ut
216 907 303 969 fictis
320 927 383 969 nec
400 907 467 969 ullo
485 908 582 969 modo
603 908 644 969 ad
660 907 841 985 veritatem
867 907 1105 970 accedentibus
1131 927 1208 970 con-

163 1015 333 1077 troversiis
358 1015 505 1096 linguam
531 1017 628 1078 modo
653 1024 687 1078 et
711 1036 826 1078 vocem
854 1024 1056 1089 exercerent,
1085 1015 1144 1076 sed
1170 1023 1208 1076 ut

163 1123 203 1185 iis
231 1122 358 1185 artibus
390 1133 510 1204 pectus
543 1123 729 1204 implerent,
759 1124 793 1185 in
822 1125 942 1206 quibus
972 1124 1012 1185 de
1041 1122 1140 1185 bonis
1169 1143 1208 1186 ac

163 1230 267 1306 maliS,
298 1232 339 1311 de
367 1231 508 1294 honesto
542 1241 575 1294 et
608 1232 705 1313 turpi,
736 1234 777 1294 de
805 1232 895 1294 iusto
926 1242 959 1293 et
990 1231 1114 1292 iniusto
1144 1231 1209 1293 dis-

164 1348 317 1420 putatur;
350 1340 432 1401 haec
454 1339 543 1401 enim
567 1349 617 1401 est
640 1340 762 1402 oratori
787 1340 938 1402 subiecta
961 1340 1002 1401 ad
1027 1339 1208 1401 dicendum

163 1447 311 1510 materia.
362 1448 448 1509 Nam
469 1447 502 1509 in
523 1447 653 1510 iudiciis
675 1448 746 1510 fere
770 1449 811 1510 de
836 1448 1014 1530 aequitate,
1033 1447 1067 1509 in
1084 1446 1210 1509 delibe-

164 1555 348 1618 rationibus
373 1556 414 1617 de
439 1556 592 1630 utilitate,
622 1556 656 1617 in
685 1556 931 1619 laudationibus
960 1556 1001 1617 de
1029 1555 1210 1616 honestate

164 1663 369 1738 disserimus
399 1663 445 1725 ita
477 1674 590 1726 tamen
623 1673 658 1726 ut
691 1665 887 1746 plerumque
919 1663 1000 1726 haec
1032 1663 1066 1724 in
1098 1662 1208 1726 vicem

165 1772 387 1847 misceantur3
420 1773 461 1834 de
478 1773 598 1855 quibus
615 1773 748 1853 copiose
766 1781 799 1834 et
816 1772 905 1834 varie
923 1782 956 1834 et
974 1780 1091 1833 ornate
1107 1790 1209 1834 nemo

164 1880 274 1943 dicere
299 1889 410 1961 potest
435 1881 500 1943 nisi
525 1881 582 1963 qui
608 1881 763 1963 cognovit
791 1890 942 1943 naturam
968 1880 1147 1942 humanam
1175 1888 1210 1942 et

163 1989 230 2078 vim
259 1988 420 2050 virtutum
450 1989 713 2071 pravitatemque
742 1989 897 2050 vitiorum
927 1997 960 2050 et
987 1989 1087 2049 habet
1113 1987 1210 2050 intel-

164 2097 288 2160 lectum
321 2093 550 2179 eorumquae
583 2118 645 2160 nec
677 2098 711 2158 in
743 2097 923 2160 virtutibus
956 2117 1017 2158 nec
1050 2096 1084 2157 in
1116 2095 1209 2158 vitiis

165 2214 391 2267 numerantur.
410 2206 494 2286 qu
516 2206 567 2268 his
590 2206 741 2268 fontibus
766 2205 866 2267 etiam
893 2205 947 2267 illa
971 2204 1151 2286 profluunt,
1171 2213 1210 2266 ut

165 2313 295 2377 facilius
324 2313 405 2374 iram
435 2312 553 2376 iudicis
581 2314 634 2375 vel
663 2313 801 2394 instiget
830 2313 882 2375 vel
915 2313 1027 2385 leniat,
1055 2311 1112 2393 qui
1145 2312 1210 2375 scit

165 2421 243 2503 quid
269 2421 324 2495 ira,
353 2429 386 2482 et
413 2421 599 2503 promptius
625 2423 665 2484 ad
692 2421 940 2484 miserationem
966 2420 1123 2501 impellat,
1151 2420 1211 2502 qui

166 2530 229 2591 scit
261 2529 340 2611 quid
365 2529 416 2603 ‚sit
450 2529 676 2592 misericordia
708 2538 740 2591 et
774 2529 894 2611 quibus
926 2528 1028 2591 animi
1060 2527 1222 2592 motibus

166 2637 362 2700 concitetur.
413 2637 452 2698 In
470 2637 521 2700 his
539 2637 666 2700 artibus
680 2637 1042 2718 exercitationibusque
1054 2644 1210 2700 versatus

165 2754 284 2820 orator,
304 2744 372 2806 sive
390 2746 477 2826 apud
495 2745 636 2807 infestos
660 2745 729 2807 sive
752 2746 839 2825 apud
863 2745 1000 2826 cupidos
1026 2743 1096 2805 sive
1121 2746 1210 2824 apud

713 2917 769 2964 that
797 2916 943 2979 aequitate
975 2913 1149 2977 corresponds
1182 2923 1211 2965 to

712 2983 789 3032 iusto
819 2991 847 3030 et
876 2983 997 3040 iniusto;
1027 2980 1151 3030 utilitate
1183 2989 1211 3030 to

712 3050 795 3099 bonis
814 3057 842 3096 et
862 3048 946 3096 malis
953 3062 960 3106 ;
986 3046 1038 3095 and
1055 3048 1211 3097 honestate

712 3124 739 3163 to
751 3118 875 3164 honesto
888 3122 916 3163 et
929 3113 1050 3177 turpi—
1058 3113 1087 3161 in
1096 3114 1193 3163 vicem
1205 3133 1211 3162 :
1224 3147 1226 3153 .

711 3185 747 3230 ιζε.
760 3185 829 3231 inter
839 3198 870 3229 se.
907 3182 956 3229 See
968 3194 1007 3228 20.
1022 3192 1035 3243 5
1050 3195 1074 3227 n.

164 2923 219 2964 tate.
228 2917 304 2965 -ad
316 2916 471 2966 utilitatem
481 2924 644 2980 temporum
655 2932 661 2964 :

164 2985 201 3031 ia.
214 2982 240 3030 in
253 2998 268 3030 a
281 2998 334 3046 way
347 2989 375 3029 to
393 2983 453 3030 take
471 2982 616 3045 advantage
634 2983 661 3030 oi

165 3049 209 3098 the
221 3049 427 3098 circumstances.

197 3114 241 3172 31.
266 3129 340 3179 opus
359 3129 425 3164 esse
438 3124 483 3165 ut:
506 3132 591 3164 arare
603 3131 661 3164 con·

164 3183 298 3240 struchon,
312 3183 447 3245 occurring
465 3184 564 3231 several
585 3183 660 3231 times

164 3250 190 3296 in
201 3250 308 3299 Plautus
317 3249 369 3297 and
377 3257 424 3297 not
437 3250 577 3312 appearing
585 3249 659 3310 again

165 3318 230 3365 until
247 3317 376 3366 Tacitus's
394 3317 576 3381 day.-lictis
594 3330 662 3365 con·

164 3386 326 3434 troversiis:
349 3386 480 3448 examples
497 3385 526 3432 oi
543 3383 607 3432 such
620 3399 662 3432 are

163 3451 240 3512 given
263 3460 289 3499 at
313 3452 356 3500 the
378 3451 429 3500 end
452 3452 481 3500 of
503 3452 610 3515 chapter
622 3463 661 3514 35.

163 3531 259 3566 —nec
272 3519 330 3568 ullo
343 3520 437 3577 modo,
453 3521 509 3567 and
520 3520 549 3567 in
562 3520 660 3565 nowise.

197 3597 221 3631 2.
246 3585 274 3631 in
292 3585 418 3634 iudiciis:
441 3585 547 3634 Tacitus
558 3584 661 3633 follows

165 3649 208 3698 the
223 3649 371 3698 traditional
386 3650 497 3700 division
513 3650 543 3699 of
556 3657 661 3715 oratory

163 3716 219 3764 into
231 3717 305 3778 legal,
315 3717 520 3782 parliamentary,
530 3716 583 3765 and
592 3717 661 3765 eulo-

163 3782 251 3846 gistic3
270 3782 302 3832 cf.
312 3783 365 3832 Cic.
374 3784 404 3831 dc
413 3784 457 3833 Or.
469 3783 553 3845 1.141.
590 3785 660 3832 Note

743 3264 767 3310 3.
791 3249 850 3297 vim
868 3249 1006 3298 virtutum
1024 3248 1212 3312 pravitatem-

713 3331 768 3379 que
785 3317 933 3365 vitiorum:
960 3323 1023 3363 note
1041 3316 1085 3363 the
1102 3317 1213 3365 allitera-

714 3384 775 3431 tion.
817 3383 880 3431 Intr.
904 3400 928 3446 p.
949 3383 1135 3445 xxii—quae
1154 3419 1160 3430 .
1180 3420 1186 3432 .
1206 3420 1212 3432 .

713 3459 915 3500 numerantur:
931 3448 1013 3498 called
1025 3449 1058 3514 by
1068 3448 1112 3496 the
1123 3450 1213 3500 Stoics

712 3519 837 3576 ἀδιάφορα.

744 3600 769 3646 4.
792 3584 854 3632 illa:
874 3581 1009 3647 explained
1018 3582 1052 3646 by
1060 3581 1104 3630 the
1112 3582 1214 3633 follow·

711 3650 755 3713 ing
767 3651 921 3698 ut·clauses.

744 3731 768 3778 5.
793 3717 922 3779 cupidos,
934 3716 1042 3778 partial,
1052 3729 1081 3764 as
1091 3716 1214 3778 opposed

712 3790 738 3830 to
758 3783 901 3843 infestos;
931 3782 962 3831 cf.
984 3781 1036 3830 Cic.
1055 3783 1083 3830 in
1106 3781 1212 3833 Verrem
