2648 4214
116 287 168 335 .23‚
184 292 207 352 2]

398 297 587 346 DlnLOGvs
612 298 662 346 DE
687 297 932 347 ORATORIBVS.

119 465 179 526 sed
197 463 297 527 etiam
315 465 403 547 quod
420 465 529 529 visum
546 475 579 528 et
597 465 711 529 oculos
732 464 887 541 delectet,
906 486 974 528 non
997 485 1037 528 ea
1059 463 1166 528 solum

119 572 241 636 instrui
277 573 485 654 supellectile
517 593 602 656 quae
634 574 832 637 necessariis
864 573 981 637 usibus
1013 572 1165 649 sufficiat,

119 683 178 746 sed
196 680 240 744 sit
257 680 290 743 in
307 690 468 763 apparatu
486 681 558 745 eius
572 692 606 745 et
619 703 736 745 aurum
755 691 788 744 et
805 701 968 764 gemmae,
983 690 1020 745 ut
1033 701 1167 744 sumere

119 791 153 854 in
179 810 298 853 manus
325 798 359 852 et
385 789 536 871 aspicere
561 790 694 871 saepius
718 789 830 854 libeat.
890 789 1062 872 Quaedam
1087 808 1166 852 vero
1201 810 1214 859 7

119 900 233 982 procul
250 907 426 962 arceantur
444 906 480 960 ut
499 897 564 960 iam
582 897 776 985 oblitterata
792 906 825 960 et
843 886 1014 973 obsoleta;
1039 897 1166 960 nullum

120 1008 162 1070 sit
180 1009 318 1071 verbum
340 1007 432 1070 velut
456 1005 610 1088 rubigine
633 1005 806 1081 infectum,
825 1005 908 1068 nulli
930 1025 1050 1068 sensus
1073 1005 1168 1092 tarda

73 1147 76 1155 ·
119 1126 165 1181 et·
178 1116 278 1179 inerti
303 1125 474 1204 structura
497 1115 530 1177 in
556 1133 682 1176 morem
707 1113 875 1177 annalium
902 1107 1165 1195 componantur3

118 1224 242 1306 fugitet
270 1224 403 1287 foedam
430 1231 463 1285 et
491 1222 652 1286 insulsam
677 1222 923 1297 scurrilitatem,
950 1221 1054 1284 variet
1081 1241 1167 1284 com-

118 1332 329 1413 positionem,
354 1351 416 1395 nec
441 1351 558 1394 omnes
584 1330 749 1394 clausulas
774 1351 841 1392 uno
866 1339 899 1393 et
925 1330 1042 1393 eodem
1067 1330 1166 1392 modo

118 1421 335 1505 determinet..
385 1439 474 1501 Nolo
497 1439 642 1501 inridere
668 1416 793 1500 ‘'rotam
820 1436 1007 1501 Fortunae'
1035 1447 1068 1523 et
1096 1437 1166 1500 ‘ius
1178 1435 1215 1500 23

118 1547 305 1611 verrinum’
340 1556 373 1611 et
403 1547 484 1610 illud
512 1546 613 1609 tertio
645 1566 777 1628 quoque
810 1566 911 1609 sensu
944 1546 978 1608 in
1011 1545 1165 1608 omnibus

118 1656 324 1719 orationibus
340 1676 400 1737 pro
417 1654 587 1718 sententia
599 1654 745 1736 positum
765 1665 859 1717 ‘esse
871 1652 1043 1716 videatur.'
1079 1653 1165 1715 Nam

118 1772 151 1827 et
168 1764 251 1827 haec
275 1763 399 1826 invitus
420 1763 534 1826 rettuli
555 1772 588 1825 et
611 1763 707 1844 plura
728 1753 835 1837 omisi,
854 1781 939 1844 quae
961 1770 1074 1824 tamen
1097 1761 1167 1825 sola

117 1871 281 1938 mirantur
305 1881 406 1953 atque
432 1871 621 1952 exprimunt
646 1869 669 1932 ii
698 1870 754 1952 qui
779 1890 815 1933 se
839 1870 995 1952 antiquos
1018 1877 1166 1951 oratores

116 1988 246 2043 vocant.
309 1979 489 2042 Neminem
516 1977 705 2053 nominabo,
734 1999 842 2060 genus
868 1977 1040 2041 hominum
1067 1957 1165 2059 signi·
1201 1997 1214 2042 2

117 2088 235 2163 ficasse
268 2096 449 2150 contentus
465 2108 473 2163 ;
514 2087 574 2149 sed
605 2086 700 2149 vobis
733 2086 848 2168 utique
879 2094 1056 2149 versantur
1087 2094 1166 2148 ante

116 2196 230 2259 oculos
264 2196 320 2259 isti
349 2195 406 2278 qui
440 2195 606 2258 Lucilium
639 2214 699 2276 pro
733 2194 875 2268 Horatio
905 2202 938 2257 et
970 2193 1164 2257 Lucretium

148 2351 173 2399 7.
197 2337 227 2385 in
250 2351 361 2385 rnorem
385 2336 550 2385 annalium:
576 2337 613 2383 ie.

115 2402 182 2451 after
201 2403 245 2451 the
263 2403 310 2467 dry
327 2403 393 2467 style
411 2403 440 2451 of
458 2403 503 2450 the
523 2402 614 2449 chron-

114 2469 183 2518 icles.
195 2498 230 2505 —
241 2469 445 2518 scurrilitatem
457 2486 463 2516 ε
487 2477 534 2516 not
552 2468 614 2516 else·

114 2532 199 2584 where
220 2535 283 2584 used
304 2535 334 2583 of
353 2536 547 2600 style-nec:
571 2534 614 2582 for

114 2618 181 2659 neve,
204 2617 234 2651 as
262 2603 287 2650 in
314 2615 351 2666 13·
374 2602 613 2651 8.—clausulas:

113 2670 150 2717 ie.
164 2669 208 2718 the
225 2667 382 2732 concluding
399 2669 506 2731 phrases
522 2667 552 2716 oi
569 2666 615 2715 dii-

113 2734 197 2784 ferent
209 2742 391 2784 sentences-
398 2750 456 2784 uno
469 2743 497 2785 et
511 2735 614 2783 eodem

114 2803 215 2851 modo:
234 2804 271 2850 ie.
289 2802 350 2850 with
373 2801 417 2850 the
437 2816 509 2849 same
529 2800 615 2866 rhyth-

113 2867 189 2917 mica]
201 2867 320 2917 cadence.

69 2985 70 2988 ,
146 2932 191 2991 23,
211 2943 304 2983 rotam
316 2936 477 2984 Fortunae:
491 2935 560 2983 from
566 2933 615 2982 'the

113 3002 216 3050 oration
234 3004 262 3048 in
275 3002 391 3049 Pisonem
411 3015 485 3049 22.—
492 3001 538 3051 ius
552 3015 614 3049 ver·

113 3069 223 3117 riuum:
246 3067 362 3131 alluding
386 3075 413 3116 to
438 3068 553 3116 Cicero's
578 3067 614 3114 fa·

113 3150 189 3183 mous
207 3150 261 3197 pun
281 3137 310 3182 in
334 3135 446 3191 Verrem,
468 3135 503 3182 11.
526 3147 546 3181 r.
568 3147 610 3181 121

113 3201 238 3264 negabant
254 3217 304 3249 esse
322 3203 482 3258 mirandum,
502 3203 612 3248 iustam

113 3284 221 3331 nequam
235 3284 284 3315 esse
297 3269 440 3324 verrinum,
454 3285 491 3316 ae.
506 3267 577 3316 ‘sard
594 3274 614 3315 rt

113 3349 165 3382 was
176 3349 212 3382 no
224 3334 331 3383 wonder
349 3335 406 3382 that
425 3337 466 3382 ius
478 3336 612 3382 verrinum

112 3415 165 3450 was
174 3401 238 3450 such
248 3401 383 3450 miserable
391 3401 456 3450 stufi
461 3400 566 3457 ’,where
574 3402 615 3448 ius

112 3468 246 3516 verrinum
267 3483 326 3532 may
342 3483 417 3516 mean
436 3467 519 3516 either
536 3467 615 3514 boar's

112 3550 185 3582 sance
213 3550 244 3582 or
273 3535 380 3582 Verrine
400 3535 501 3598 justice.
544 3535 616 3596 Aper

111 3600 184 3663 gives
196 3601 249 3650 this
267 3616 296 3649 as
314 3617 330 3648 a
347 3600 442 3665 typical
456 3600 614 3648 illustration

112 3667 142 3714 of
169 3669 318 3716 scurrilitas
348 3668 507 3730 (buffranery,
537 3667 614 3728 cheap

111 3733 364 3797 jesting).—tertio
382 3746 496 3796 quoque
514 3747 613 3790 sensu,

112 3815 186 3862 every
193 3801 265 3849 other
273 3799 538 3871 sentence,7another
547 3800 615 3847 illus·

666 2335 762 2384 tration
781 2336 810 2383 of
823 2335 915 2398 Aper's
933 2334 1062 2399 tendency
1079 2341 1107 2382 to
1125 2349 1165 2382 ex-

665 2409 795 2465 aggerate.
821 2401 879 2450 The
888 2401 982 2464 phrase
990 2417 1040 2449 esse
1048 2402 1166 2449 videatur

666 2483 757 2518 occurs
769 2469 831 2532 only
843 2475 886 2516 ten
899 2468 975 2516 times
987 2468 1013 2515 in
1026 2468 1070 2516 the
1083 2467 1164 2515 entire

665 2535 767 2583 oration
783 2535 904 2597 prolege
923 2535 1045 2592 Manilia,
1066 2533 1118 2581 and
1137 2533 1164 2582 in

666 2609 762 2666 twenty
774 2601 863 2650 others
875 2601 895 2649 it
911 2599 976 2649 does
988 2608 1035 2649 not
1048 2615 1126 2648 occur
1136 2608 1163 2648 at

667 2668 808 2732 all—pro
826 2668 988 2716 sententia:
1012 2668 1049 2715 ie.
1063 2666 1165 2715 instead

667 2734 697 2782 of
712 2749 745 2782 an
758 2734 877 2782 effective
895 2734 995 2796 closing
1012 2734 1112 2792 clause;
1131 2733 1163 2781 cf.

667 2801 712 2850 the
735 2816 781 2850 use
804 2800 834 2849 of
856 2802 978 2850 sententia
996 2799 1022 2848 in
1044 2814 1082 2849 20.
1102 2813 1165 2864 5.-
1188 2795 1194 2803 “

668 2868 839 2931 exprimunt,
849 2875 915 2930 copy,
925 2882 954 2916 as
966 2867 992 2915 in
1006 2881 1043 2916 20.
1054 2881 1077 2930 3.
1107 2867 1165 2915 The

667 2934 748 2997 figure
771 2949 855 2983 seems
876 2933 1011 2982 borrowed
1030 2933 1099 2981 from
1120 2933 1164 2982 the

666 3002 804 3064 sculptor's
816 3017 847 3049 or
858 2999 992 3049 founder's
1004 3008 1051 3049 art.

699 3082 723 3116 a.
749 3068 930 3131 significasse
950 3074 1115 3116 contentus:
1131 3066 1164 3115 cf.

668 3133 705 3182 18.
718 3149 801 3194 4n.—
810 3134 969 3183 Lucilium:
992 3134 1035 3182 the
1052 3132 1165 3182 founder

665 3200 694 3248 oi
707 3201 809 3248 Roman
821 3201 911 3249 Satire.
937 3201 980 3248 He
989 3215 1042 3249 was
1052 3215 1068 3248 a
1077 3200 1164 3249 native

665 3266 695 3314 of
712 3267 863 3330 Campania,
877 3265 928 3315 and
945 3266 1014 3315 lived
1031 3266 1099 3314 from
1118 3266 1164 3315 180

666 3330 704 3382 to'
714 3347 760 3398 103
779 3346 829 3381 nc.
865 3333 1016 3393 Quintilian,
1036 3334 1069 3381 X.
1091 3346 1110 3380 1.
1123 3347 1163 3396 93,

665 3400 760 3463 speaks
769 3399 799 3447 of
809 3399 854 3448 the
864 3399 925 3463 high
936 3407 1033 3449 esteem
1046 3400 1071 3448 in
1080 3399 1164 3448 which

667 3467 781 3515 Lucilius
803 3481 856 3515 was
879 3467 932 3515 still
953 3466 1014 3515 held
1032 3466 1066 3532 by
1086 3481 1164 3530 many

665 3533 691 3581 in
706 3533 746 3581 his
759 3532 816 3597 day.
826 3560 857 3568 -
867 3533 1051 3582 Lucretium:
1069 3532 1165 3580 author

666 3599 695 3647 of
717 3600 762 3648 the
780 3599 885 3647 famous
904 3597 1015 3648 didactic
1033 3613 1112 3662 poem
1134 3599 1165 3647 de

665 3667 763 3714 Rerum
782 3667 895 3721 Natura,
914 3681 947 3713 an
965 3665 1112 3729 exposition
1135 3663 1165 3713 of

666 3732 710 3780 the
740 3732 884 3795 Epicurean
910 3732 1075 3796 philosophy.
1120 3731 1164 3780 He
1219 3755 1222 3765 ·

665 3798 733 3847 lived
749 3798 817 3846 from
835 3797 915 3847 about
933 3798 965 3862 98
985 3806 1012 3847 to
1030 3811 1060 3864 55
1074 3811 1164 3848 Bc.-
