2648 4214
137 293 169 345 76
493 297 520 344 Ρ.
542 297 721 346 CORNELII
746 297 874 346 TACITI
1145 294 1191 356 [41.
1208 309 1235 340 1-

137 457 173 522 41
235 461 291 526 Sic
308 483 440 546 quoque
457 465 545 546 quod
563 474 717 545 superest
730 464 858 547 antiqui
875 464 1061 528 oratoribus
1077 463 1152 539 fori,
1166 484 1234 528 non

187 571 384 634 emendatae
398 592 459 636 nec
471 593 577 655 usque
590 574 631 636 ad
641 582 763 636 votum
771 572 975 657 compositae
987 571 1131 636 civitatis
1140 592 1235 654 argu-

187 688 338 741 mentum
353 664 414 744 est.
442 680 528 763 Quis
545 681 633 744 enim
648 702 709 744 nos
726 682 865 745 advocat
882 681 948 744 nisi
963 690 1020 744 aut
1036 700 1163 770 nocens
1176 688 1233 743 aut

139 815 152 848 2
188 785 312 849 miser?
354 789 453 870 Quod
470 790 687 872 municipium
713 790 748 852 in
770 789 959 854 clientelam
977 799 1125 853 nostram
1142 789 1234 853 venit

187 893 252 956 nisi
269 897 357 977 quod
374 906 431 959 aut
455 897 586 961 vicinus
610 899 752 985 populus
776 907 834 962 aut
862 898 1047 962 domestica
1070 898 1236 962 discordia

187 1002 316 1084 agitat?
351 1005 461 1087 Quam
478 986 681 1086 provinciam
708 1014 842 1070 tuemur
868 1007 933 1069 nisi
950 1007 1124 1089 spoliatam
1141 993 1235 1070 dexa-

138 1132 153 1182 3
188 1113 342 1194 tamque?
375 1113 483 1196 Atqui
496 1115 615 1177 melius
628 1114 749 1177 fuisset
762 1091 829 1177 non
843 1115 937 1197 queri
952 1136 1051 1197 quam
1063 1114 1234 1178 vindicari.

190 1219 289 1301 Quod
304 1220 332 1284 si
349 1221 555 1285 inveniretur
571 1223 681 1304 aliqua
694 1222 814 1286 civitas
831 1222 865 1285 in
879 1244 944 1305 qua
957 1243 1055 1286 nemo
1068 1231 1233 1305 peccaret,

189 1349 416 1410 supervacuus
442 1339 532 1393 esset
557 1331 646 1394 inter
670 1331 869 1394 innocentes
893 1340 1013 1406 orator,
1035 1331 1122 1394 sicut
1147 1331 1237 1394 inter

138 1459 154 1504 4
190 1458 289 1500 sanos
308 1437 480 1515 medicus;
513 1460 578 1521 quo
601 1440 698 1502 modo
721 1439 810 1502 enim
836 1439 1011 1503 minimum
1037 1460 1116 1502 usus
1142 1438 1236 1501 mini-

189 1567 347 1628 mumque
364 1546 535 1628 profectus
557 1568 611 1610 ars
638 1547 804 1611 medentis
831 1548 931 1610 habet
954 1547 988 1610 in
1011 1547 1051 1610 iis
1076 1547 1236 1628 gentibus

189 1675 273 1736 quae
297 1654 487 1717 firmissima
510 1654 701 1718 valetudine
725 1676 763 1718 ac
789 1654 1015 1718 saluberrimis
1040 1654 1236 1736 corporibus

189 1770 338 1837 utuntur,
358 1762 406 1825 sic
423 1762 531 1824 minor
553 1771 720 1826 oratorum
743 1764 850 1825 honor
872 1763 1109 1845 obscuriorque
1129 1761 1238 1845 gloria

188 1878 241 1934 est
259 1870 347 1933 inter
363 1871 469 1934 bonos
486 1891 596 1934 mores
614 1880 647 1934 et
665 1871 699 1934 in
716 1871 914 1953 obsequium
928 1871 1077 1952 regentis
1089 1879 1234 1952 paratos.

141 1999 153 2051 5
191 1979 281 2061 Quid
307 1979 395 2042 enim
421 2000 504 2060 opus
530 1968 582 2041 est
606 1979 716 2061 longis
742 1980 775 2041 in
800 1987 919 2042 senatu
944 1978 1132 2054 sententiis,
1159 2000 1236 2042 cum

188 2087 307 2169 optimi
336 2087 402 2151 cito
431 2087 667 2150 consentiant?
709 2087 800 2170 Quid
824 2086 939 2150 multis
963 2087 1050 2168 apud
1075 2086 1236 2169 populum

188 2195 412 2276 contionibus,
432 2216 507 2258 cum
532 2196 574 2258 de
598 2216 634 2258 re
658 2195 793 2277 publica
817 2216 883 2257 non
909 2194 1055 2276 imperiti
1079 2203 1112 2257 et
1139 2194 1237 2257 multi

137 2311 154 2360 6
188 2303 385 2379 deliberent,
401 2304 460 2366 sed
474 2303 741 2385 sapientissimus
759 2311 792 2365 et
810 2304 921 2366 unus?
946 2303 1025 2385 quid
1039 2302 1236 2365 voluntariis

187 2411 468 2487 accusationibus,
487 2432 562 2474 cum
587 2420 656 2473 tam
680 2432 753 2474 raro
779 2420 811 2473 et
837 2421 907 2474 tam
931 2431 1029 2493 parce
1054 2411 1236 2493 peccetur?

190 2519 280 2601 Quid
301 2518 473 2611 invidiosis
498 2528 532 2581 et
558 2520 797 2599 excedentibus
820 2519 954 2581 modum
971 2517 1234 2617 defensionibus,

189 2648 264 2690 cum
283 2626 463 2690 clementia
479 2627 716 2708 cognoscentis
730 2627 859 2689 obviam
873 2625 1141 2708 periclitantibus
1159 2627 1236 2688 eat?

220 2782 265 2840 41.
291 2785 333 2833 sie
348 2797 472 2848 quoque,
486 2792 545 2832 etc.:
565 2790 609 2832 ‘so
622 2800 687 2832 even

187 2851 282 2915 today,
295 2866 324 2899 as
339 2850 380 2898 far
397 2865 426 2899 as
445 2850 489 2898 the
505 2851 609 2898 ancient
627 2858 687 2914 type

187 2917 217 2965 of
227 2924 333 2981 oratory
346 2917 470 2974 survives,
483 2916 503 2964 it
517 2932 612 2978 proves
631 2918 687 2965 that

186 2985 231 3032 the
243 2992 311 3032 state
324 2984 346 3032 is
360 2991 407 3031 not
420 2991 463 3048 yet
472 2983 578 3046 perfect,
589 2984 646 3031 etc!

219 3066 243 3112 3.
262 3050 367 3099 melius
378 3050 493 3099 fuisset:
507 3050 590 3099 where
597 3052 688 3098 melius

183 3119 243 3180 suit
248 3116 335 3166 would
344 3116 376 3164 be
387 3118 432 3164 the
439 3132 592 3165 commonet
599 3116 686 3165 idiom.

186 3185 230 3233 Gr.
238 3199 294 3248 309,
304 3199 360 3232 2.-
368 3199 425 3232 nou
436 3185 527 3247 queri:
539 3186 577 3232 tle.
585 3190 613 3231 to
621 3183 687 3231 have

185 3267 220 3299 no
232 3267 311 3300 cause
322 3251 364 3298 ior
379 3251 529 3314 complaint.

217 3334 242 3380 4.
267 3319 422 3367 minimum
436 3331 508 3367 usus
522 3317 687 3366 minimum-

185 3399 240 3448 que
254 3385 412 3447 proiectus‚
427 3386 469 3433 the
485 3386 548 3432 least
559 3384 622 3431 need
630 3385 686 3432 and

185 3453 358 3514 consequently
380 3453 422 3500 the
445 3453 510 3500 least
527 3452 668 3513 advantage
675 3465 687 3507 ,⁸

184 3532 251 3581 ·que
264 3518 286 3566 is
300 3519 458 3581 epexegetic.
495 3517 560 3566 This
573 3532 653 3579 usage
665 3516 687 3565 is

185 3583 388 3647 comparatively
395 3598 461 3641 rare;
473 3583 567 3631 εἰσιν.
577 3597 608 3647 29
616 3585 686 3631 ultra

184 3649 305 3697 Rhenum
318 3651 439 3713 ultraque
446 3657 538 3698 veteres
545 3652 667 3698 terminos
674 3665 686 3707 ,·

185 3715 251 3780 Livy
263 3717 284 3763 l.
298 3716 337 3772 60,
354 3730 363 3763 1
378 3718 509 3780 eodemque
525 3723 635 3778 tempore
650 3732 687 3763 ve·

185 3789 290 3830 nerunt.
302 3810 337 3818 -
349 3789 377 3830 et
396 3783 425 3830 in
449 3783 622 3845 obsequium
644 3796 686 3830 re-

739 2784 834 2847 gentis
860 2791 986 2846 paratos,
1006 2784 1063 2831 and
1082 2783 1198 2831 inclined
1214 2790 1238 2830 to

738 2852 861 2898 obedience
872 2857 896 2897 to
907 2867 922 2897 a
932 2851 1067 2912 soveretgrn.

771 2930 795 2979 5.
819 2917 887 2979 quid
912 2916 989 2964 enim
1013 2928 1096 2978 opus,
1114 2922 1175 2963 etc:
1197 2917 1236 2964 i.e.

738 2984 823 3032 ‘what
841 2981 907 3031 need
925 2982 954 3030 of
972 2992 1077 3046 oratory
1088 2981 1173 3030 where
1192 2981 1237 3030 the

737 3050 805 3099 ideal
823 3056 994 3112 govemment
1011 3047 1116 3112 already
1127 3048 1237 3096 exists?'

736 3117 829 3164 —sed
843 3115 1079 3179 sapientissimus
1095 3122 1123 3162 et
1141 3129 1236 3164 unus:

737 3185 774 3230 tle.
795 3183 840 3231 the
861 3183 994 3245 Emperor.
1032 3181 1139 3229 Tacitus
1155 3181 1238 3229 seizes

738 3250 781 3298 the
799 3250 969 3315 opportunity
981 3249 1010 3297 of
1023 3246 1238 3311 complimenting

737 3317 781 3364 the
793 3315 1002 3365 administration
1015 3316 1044 3364 of
1056 3314 1209 3378 Vespasian.

770 3386 794 3432 6.
824 3384 993 3432 voluntariis
1045 3381 1237 3431 accusationi·

738 3452 791 3498 bus
804 3467 810 3497 :
827 3452 864 3497 ia.
873 3451 937 3498 such
951 3466 980 3498 as
992 3449 1069 3498 those
1081 3447 1238 3512 voluntarily

737 3516 850 3578 brought
878 3517 912 3581 by
936 3517 1035 3565 Caesar
1062 3514 1114 3564 and
1144 3514 1237 3562 Cicero

737 3583 838 3645 against
857 3583 996 3631 Dolabella
1015 3581 1067 3630 and
1088 3582 1190 3637 Verres,
1210 3581 1237 3629 in

737 3649 781 3697 the
790 3648 841 3697 last
851 3649 914 3714 days
927 3650 956 3697 of
968 3649 1013 3698 the
1027 3647 1160 3712 Republic.
1187 3646 1238 3695 See

737 3716 776 3779 36.
807 3717 1106 3779 3.—cognoscentis:
1135 3715 1173 3762 i.e.
1199 3715 1238 3760 iu-

737 3783 799 3830 dicis
806 3798 818 3840 ,·
842 3781 874 3830 ci.
890 3795 926 3844 ¹9·
940 3781 956 3830 6
968 3797 992 3830 n.
1030 3781 1093 3830 intr.
1105 3795 1130 3844 p.
1142 3795 1184 3829 xx.
