2648 4214
113 335 165 380 -12
178 337 204 402 2]

407 335 596 386 DIALOGVS
618 337 668 386 DE
690 337 935 387 ORATORIBVS.

115 505 285 580 constitui,
305 524 368 567 nec
390 503 569 568 comitatus
593 503 677 567 istos
702 513 736 567 et
761 524 917 586 egressus
934 512 990 567 aut
1007 504 1161 586 frequen-

115 613 196 676 tiam
214 612 431 676 salutantium
456 612 666 694 concupisco
685 633 753 676 non
779 613 885 694 magis
911 633 1009 694 quam
1034 633 1111 674 aera
1127 623 1160 674 et

116 721 289 803 imagines,
319 740 403 802 quae
431 719 533 782 etiam
565 741 619 783 me
650 721 787 783 nolente
818 720 853 782 in
885 721 1020 783 domum
1053 741 1160 783 meam

116 829 322 911 inruperunt.
383 829 469 891 Nam
511 838 635 892 statum
672 830 832 910 cuiusque
868 850 906 892 ac
946 829 1160 893 securitatem
1197 853 1211 904 5

116 938 234 1001 melius
260 937 451 1001 innocentia
475 947 589 1001 tuetur
613 959 711 1020 quam
737 938 935 1020 eloquentia,
960 958 1021 1002 nec
1046 958 1162 1001 vereor

116 1067 159 1109 ne
187 1047 268 1108 mihi
301 1067 457 1129 umquam
489 1047 591 1109 verba
623 1047 656 1108 in
689 1055 808 1109 senatu
840 1046 904 1109 nisi
936 1067 996 1127 pro
1024 1047 1161 1109 alterius

115 1154 307 1218 discrimine
338 1155 492 1217 facienda
524 1155 600 1218 sint.

674 1155 821 1217 Nemora
852 1174 930 1217 vero
963 1164 996 1216 et
1028 1154 1094 1218 luci
1127 1164 1158 1217 et
1174 1153 1209 1216 12

116 1272 283 1326 secretum
310 1263 429 1344 ipsum,
457 1265 544 1344 quod
574 1262 668 1344 Aper
694 1263 896 1344 increpabat,
925 1272 1052 1324 tantam
1081 1263 1161 1324 mihi

116 1371 271 1433 adferunt
304 1370 520 1451 voluptatem,
555 1380 591 1432 ut
626 1371 718 1442 inter,
746 1370 942 1451 praecipuos
977 1369 1160 1433 carminum

116 1478 246 1542 fructus
275 1498 460 1572 numerem)
486 1479 573 1559 quod
602 1499 668 1541 non
697 1478 731 1539 in
761 1478 903 1579 strepitu
931 1479 1161 1540 nec-sedente

116 1596 194 1649 ante
223 1586 354 1676 ostium,
374 1585 550 1676 litigatore
574 1597 636 1649 nec
669 1586 757 1676 inter
778 1579 904 1678 ⁴sordes
937 1606 975 1648 ac
1007 1585 1160 1648 lacrimas

117 1713 248 1756 reorum
266 1702 522 1789 componuntur,
542 1695 600 1755 sed
623 1693 749 1756 secedit
771 1685 902 1772 animus
927 1693 960 1754 in
986 1693 1058 1755 loca
1079 1714 1161 1774 pura

116 1810 217 1882 atque
253 1801 445 1864 innocentia
484 1800 672 1882 fruiturque
708 1801 844 1863 sedibus
880 1801 1013 1864 sacris.
1065 1802 1160 1864 Haec
1196 1831 1209 1864 2

117 1909 327 1990 eloquentiae
355 1908 543 1990 primordia,
574 1909 655 1972 haec
687 1909 893 1989 penetralia;
925 1908 988 1972 hoc
1017 1908 1159 1989 primum

117 2017 233 2079 habitu
262 2017 420 2098 cultuque
449 2018 622 2080 commoda
650 2016 845 2079 mortalibus
873 2017 906 2077 in
932 2017 986 2079 illa
1010 2026 1103 2079 casta
1126 2027 1158 2079 et

117 2179 190 2227 istos
209 2186 237 2227 et
255 2192 394 2241 egressus
412 2185 461 2226 aut
481 2177 613 2240 frequen-

82 2291 85 2298 ,
117 2245 205 2292 tiam:
235 2244 295 2291 with
320 2243 449 2292 reference
471 2251 498 2291 to
520 2243 612 2305 Aper’s

117 2309 201 2358 words
209 2310 234 2358 in
243 2324 265 2372 9.
273 2325 299 2373 33
313 2311 467 2360 comitatus
478 2318 506 2358 et
517 2323 613 2372 egres-

116 2391 168 2426 sus
177 2375 336 2440 correspond
345 2385 373 2424 to
383 2377 488 2431 deducit,
496 2376 548 2424 and
558 2376 612 2424 fre-

116 2442 265 2506 quentiam
276 2443 463 2492 salutantium
472 2451 499 2490 to
509 2445 610 2490 salutat.

118 2511 170 2558 For
192 2510 236 2557 the
260 2509 421 2557 substantive
446 2524 490 2557 use
514 2509 542 2555 of
567 2509 612 2557 the

115 2575 248 2639 participle
265 2575 453 2625 salutantium
471 2591 515 2623 see
527 2576 550 2624 6.
563 2576 611 2624 6n.

115 2644 381 2691 dicentium—aera
405 2649 433 2689 et
459 2641 611 2705 imagines,

115 2710 203 2757 branae
245 2710 419 2766 medalliarts,·
462 2708 611 2772 hendiadys.

53 2813 57 2819 .
117 2776 259 2824 Reference
271 2777 292 2824 is
305 2775 380 2824 made
393 2784 421 2824 to
434 2776 478 2824 the
491 2779 612 2838 imagines

115 2845 233 2905 clipeatus*
240 2859 252 2900 ,·
269 2857 313 2892 see
325 2842 348 2891 8.
359 2856 469 2903 7.—-me
481 2843 612 2906 nolente:

117 2912 203 2958 nolens
225 2911 247 2959 is
268 2925 284 2959 a
304 2911 512 2973 post-Augustan
536 2909 611 2964 form,

116 2977 168 3025 and
180 2975 300 3027 confused
313 2977 408 3025 almost
421 2976 576 3039 exclusively
585 2984 612 3023 to

117 3043 160 3093 the
174 3044 286 3092 ablative
298 3043 417 3092 absolute
427 3042 611 3090 construction.

115 3112 184 3159 -in
197 3112 316 3161 domum
330 3111 511 3172 inruperunt:
530 3108 556 3155 in
569 3107 612 3155 the

115 3177 247 3225 historical
267 3176 352 3224 works
365 3175 472 3223 Tacitus
484 3189 544 3222 uses
561 3175 613 3222 this

115 3244 177 3291 verb
194 3259 224 3292 as
242 3243 382 3297 transitive,
397 3256 440 3302 ag.
453 3242 523 3287 Ann.
538 3240 612 3287 XIV.

118 3324 144 3358 11
160 3327 190 3358 ne
201 3312 361 3370 inrumperet
371 3309 478 3355 curiam.

148 3391 172 3438 5.
191 3383 299 3424 statum
313 3381 426 3424 tuetur:
445 3373 489 3420 the
501 3372 582 3434 figure
591 3373 612 3421 is

114 3442 194 3491 taken
213 3442 282 3489 from
306 3441 350 3488 the
370 3438 534 3502 gladiatorial
557 3454 613 3500 pro-

113 3509 227 3565 fession3
246 3507 278 3556 cf.
288 3507 342 3555 Cic.
355 3508 392 3554 ad
402 3507 475 3553 bam.
487 3506 534 3552 IX.
548 3505 584 3552 16.
597 3504 612 3552 6

114 3592 156 3637 ega
167 3592 207 3623 me
218 3590 268 3621 nan
276 3580 363 3634 putem
382 3573 450 3620 tueri
464 3587 547 3618 meum
566 3578 613 3618 rta-

114 3650 168 3690 tum
189 3643 225 3689 sic
242 3640 401 3702 passa—in
426 3644 545 3686 senatu:
569 3653 612 3685 see

116 3720 137 3772 5.
147 3709 230 3757 6n.—
237 3721 288 3770 pro
298 3706 417 3754 alterius
431 3703 611 3752 discrimine:

114 3782 160 3822 not
172 3789 201 3822 as
213 3781 333 3836 attomey
344 3771 391 3819 but
403 3786 432 3820 as
445 3768 536 3818 friend.

147 3837 192 3900 12.
217 3839 294 3908 quod
320 3839 401 3906 Aper
429 3837 619 3904 increpabats,

663 2192 706 2225 see
719 2190 741 2239 9.
755 2191 791 2224 ro.
800 2205 831 2210 -
841 2177 869 2224 in
882 2177 1013 2239 strepitu,
1032 2178 1106 2225 amid
1120 2179 1161 2226 the

663 2244 708 2290 din
727 2242 758 2290 of
775 2242 819 2290 the
837 2243 904 2307 city;
922 2243 954 2291 cf.
967 2243 1060 2305 Aper’s
1073 2246 1161 2291 iucun-

663 2311 730 2356 ditas
753 2310 823 2356 urbis
846 2310 871 2356 in
895 2323 917 2371 9.
945 2310 1159 2359 ro.-sedente

662 2384 729 2424 ante
742 2376 849 2424 ostium
868 2376 1027 2438 litigatore:
1046 2376 1078 2424 cf.
1094 2378 1159 2424 Hor.

663 2444 713 2504 Ep.
736 2443 755 2489 l.
776 2454 796 2504 5,
817 2455 843 2504 31
868 2445 936 2489 atria
956 2451 1096 2491 servantem
1119 2445 1160 2491 cli-

662 2516 741 2556 entem
751 2524 762 2565 ,·
792 2510 844 2556 Sat.
877 2509 897 2556 1.
924 2522 944 2556 1.
972 2523 1001 2557 ro
1023 2511 1069 2556 sub
1093 2512 1162 2572 galli

662 2582 764 2623 cantum
784 2577 913 2623 consultor
930 2577 973 2623 ubi
989 2579 1051 2623 ostia
1062 2579 1159 2638 pulsat.

664 2643 735 2689 Note
754 2641 797 2689 the
815 2642 915 2704 change
933 2643 962 2689 of
982 2643 1159 2690 construction

662 2709 731 2756 from
740 2711 768 2755 in
778 2709 838 2756 with
851 2709 894 2756 the
904 2708 1015 2756 ablative
1028 2717 1055 2756 to
1066 2709 1110 2757 the
1119 2709 1160 2757 ab

663 2776 740 2823 lative
758 2776 886 2823 absolute.
895 2803 927 2810 -
936 2777 1046 2833 sordes,
1058 2777 1161 2824 wretch-

663 2844 755 2898 edness,
768 2841 878 2905 literally
888 2844 1035 2903 maurning,
1045 2842 1127 2890 which
1140 2843 1160 2890 it

663 2924 715 2956 was
733 2909 807 2956 usual
825 2909 867 2956 for
885 2909 929 2957 the
945 2907 1056 2956 accused
1073 2916 1100 2956 to
1113 2917 1160 2970 put

663 2990 704 3022 on.
753 2976 804 3022 For
827 2975 871 3022 the
899 2974 1074 3023 combination
1098 2975 1159 3022 with

663 3043 785 3089 lacrimae
794 3041 826 3088 cf.
837 3041 891 3089 Cic.
902 3043 938 3088 ad
944 3043 1016 3088 Fam
1029 3041 1102 3087 XIV.
1114 3055 1135 3088 2.
1145 3056 1159 3088 z

663 3116 686 3155 te
697 3125 772 3161 nurec,
787 3124 842 3154 mea
857 3108 980 3161 Terentia,
994 3108 1029 3154 sic
1041 3109 1120 3154 iacere
1131 3109 1159 3154 in

663 3176 779 3222 lacrimis
785 3181 809 3221 et
816 3174 1025 3221 sordibus-sed
1035 3174 1144 3221 secedit
1153 3191 1159 3219 :

663 3240 839 3288 anacoluthon
851 3258 857 3299 3
876 3239 985 3288 secedit
995 3238 1046 3286 and
1057 3240 1160 3288 fruitur

663 3322 706 3354 are
718 3315 764 3354 not
777 3304 895 3368 opposed
908 3313 935 3353 to
949 3313 1160 3368 componuntur

662 3371 709 3421 but
721 3381 749 3420 to
763 3373 893 3434 strepitu,
907 3387 922 3419 a
934 3372 1051 3419 modifier
1067 3372 1096 3420 of
1114 3373 1159 3420 the

663 3439 745 3486 latter.
782 3438 922 3486 Strictness
952 3438 981 3485 of
1008 3439 1157 3501 expression

663 3503 749 3552 would
770 3503 870 3566 require
890 3506 935 3551 sed
952 3506 980 3551 in
1004 3506 1064 3551 laris
1079 3508 1159 3566 priris

663 3606 669 3616 .
688 3606 693 3616 .
712 3606 718 3616 .
737 3572 897 3633 quaanimus
909 3573 1002 3626 secedit,
1016 3580 1063 3618 etc.

693 3650 717 3684 2.
732 3638 804 3684 haec
816 3637 980 3699 primordia,
990 3638 1062 3684 haec
1073 3651 1159 3699 pene-

662 3703 744 3751 tralia
754 3721 759 3749 :
771 3705 830 3750 here
837 3720 890 3750 was
897 3704 944 3750 lter
950 3704 1091 3765 beginning,
1101 3704 1161 3750 here

663 3770 710 3816 her
737 3770 941 3817 steina-hoc
974 3769 1084 3827 habitu,
1103 3776 1161 3824 etc,

662 3837 691 3883 in
709 3837 761 3883 tisis
776 3837 851 3904 guise
868 3837 923 3887 and
940 3837 1017 3895 dress,
1036 3833 1168 3897 referring
