2648 4214
114 332 166 377 42.
181 323 206 384 4]
405 324 593 375 DIALOGVS
618 325 668 372 DE
692 322 936 372 ORATORIBVS.
1179 316 1211 370 77

277 426 286 466 l
422 439 440 465 ι

116 492 262 594 Credite,
288 491 406 595 optimi
431 502 475 568 et,
503 491 536 555 in
563 501 724 574 quantum
751 511 835 573 opus
861 498 922 564 est,
949 486 1160 586 disertissimi
1195 507 1208 556 7

115 589 234 676 viri,'si
251 609 308 663 aut
324 621 383 682 vqs
391 591 566 681 ‘prioribus
589 598 730 663 saeculis
752 607 809 662 aut
832 596 881 690 illi
901 617 984 679 quos
997 595 1161 695 ‘miramur

116 708 168 771 his
185 708 256 772 nati
272 716 396 783 essent,
416 729 454 772 ac
471 709 553 787 deus
570 707 689 795 aliquis
713 707 798 770 vitas
820 726 858 769 ac
881 714 1031 787 tempora
1050 712 1162 767 vestra

116 825 255 898 repente
274 826 448 892 mutasset,
467 836 530 880 nec
552 816 647 879 vobis
670 835 800 879 summa
824 814 879 877 illa
902 813 974 876 laus
999 823 1032 875 et
1057 812 1162 894 gloria

116 926 150 987 in
182 925 373 1008 eloquentia
405 945 514 1007 neque
546 924 611 988 illis
643 925 761 987 modus
795 932 828 987 et
860 930 1162 1003 temperamentum

115 1034 288 1098 defuisset.
340 1035 449 1110 Nunc,
472 1033 628 1116 quoniam
652 1054 751 1096 nemo
768 1033 885 1095 eodem
901 1040 1053 1113 tempore
1069 1032 1161 1094 adse·
1194 1037 1210 1087 8
1246 1065 1248 1069 ·

115 1141 171 1223 qui
188 1151 300 1223 potest
321 1163 476 1224 magnam
499 1143 621 1205 famam
647 1151 679 1205 et
708 1161 863 1223 magnam
888 1139 1045 1222 quietem,
1073 1139 1160 1202 bono

115 1249 239 1312 saeculi
256 1250 307 1335 sui
324 1249 466 1332 quisque
482 1250 565 1313 citra
581 1249 860 1314 obtrectationem
873 1247 1010 1311 alterius
1024 1247 1158 1311 utatur.'

162 1357 311 1420 Finierat
341 1359 526 1433 Maternus,
556 1379 631 1422 cum
662 1357 840 1421 Messalla:
882 1357 1005 1419 ‘Erant
1038 1355 1159 1438 quibus
1171 1354 1208 1418 42

115 1475 231 1528 contra
262 1466 418 1540 dicerem,
452 1476 546 1528 erant
579 1467 620 1528 de
653 1466 774 1548 quibus
805 1466 900 1547 plura
931 1464 997 1527 dici
1028 1465 1157 1539 vellem,

115 1572 180 1635 nisi
203 1573 267 1636 iam
290 1574 361 1637 dies
377 1573 474 1636 'esset
498 1573 655 1637 exactus’
708 1572 822 1635 ‘Fiet’
847 1573 955 1655 inquit
983 1574 1158 1668 Maternus
1194 1601 1208 1635 2

118 1693 125 1719 ‘
135 1690 252 1762 postea
268 1681 429 1773 arbitratu
446 1693 514 1756 tu0,
534 1691 567 1745 et
585 1682 613 1744 si
630 1703 695 1764 qua
714 1681 777 1745 tibi
794 1681 936 1744 obscura
953 1680 986 1743 in
1004 1682 1067 1745 hoc
1084 1701 1158 1743 meo

115 1809 268 1852 sermone
300 1789 371 1852 visa
403 1799 491 1864 sunt,
522 1791 563 1853 de
595 1790 636 1852 iis
669 1810 783 1852 rursus
817 1787 1051 1852 conferemus'
1101 1788 1155 1852 Ac

115 1897 213 1961 simul
235 1899 420 1979 adsurgens
445 1909 479 1960 et
504 1897 635 1979 Aprum
662 1898 878 1978 complexus:
905 1885 1025 1978 “Ego'’
1050 1896 1158 1979 inquit
1194 1918 1208 1968 3

116 2014 169 2067 ‘te
193 2006 311 2087 poetis,
340 2005 499 2068 Messalla
526 2015 638 2068 autem
665 2005 860 2087 antiquariis
886 2003 1156 2089 criminabimur]

116 2112 182 2175 ‘At
205 2134 267 2195 ego
290 2134 349 2176 vos
374 2114 563 2176 rhetoribus
589 2123 623 2176 et
648 2111 876 2176 scholasticis’
904 2111 1021 2194 in'quit.
1072 2111 1157 2174 Cum

114 2220 319 2296 adrisissent,
338 2221 565 2286 discessimus.
1192 2243 1208 2288 4

146 2392 170 2440 7.
195 2378 224 2426 in
245 2386 384 2441 quantum
404 2393 478 2440 opus
502 2386 547 2426 est
569 2379 610 2426 di-

115 2444 282 2493 sertissimi:
311 2447 349 2492 tle.
376 2459 405 2493 as
431 2445 555 2508 eloquent
580 2461 609 2493 as

114 2510 158 2557 the
186 2510 304 2572 changed
333 2510 480 2559 conditione
508 2511 538 2559 of
565 2511 609 2559 the

113 2576 189 2624 times
206 2577 283 2624 make
297 2578 563 2642 necessary—vitas
576 2591 609 2625 ac

113 2649 244 2705 tempora
252 2652 363 2692 vestra:
376 2652 439 2692 note
447 2645 503 2692 that
512 2651 609 2693 vestra

113 2708 228 2758 includes
246 2719 293 2758 not
311 2711 407 2774 merely
418 2725 471 2760 vos
489 2711 535 2759 but
553 2711 609 2758 also

113 2775 160 2824 illi.
176 2805 210 2813 —
223 2786 494 2840 temperamentum,
530 2779 610 2826 mode·

112 2846 216 2901 ration;
256 2847 464 2908 post-Augustam
495 2845 536 2892 for
565 2845 609 2893 the

112 2911 203 2960 earlier
219 2915 394 2973 temperantia.
575 2903 580 2917 ⁸

146 2981 170 3026 8.
194 2979 270 3027 bono
294 2979 403 3027 saeculi
427 2979 481 3037 sui,
503 2986 558 3034 etc,
577 2979 612 3026 let

111 3045 171 3092 each
184 3061 230 3092 one
240 3046 312 3107 enyoy
320 3047 361 3093 the
368 3047 521 3108 advantages
532 3046 564 3109 of
569 3046 610 3092 his

112 3127 169 3158 oron
180 3127 232 3173 age,
245 3114 281 3158 ia.
295 3111 329 3159 do
348 3127 398 3176 you
416 3111 496 3176 enjoy
510 3111 554 3159 the
568 3110 610 3158 ad-

113 3184 237 3238 vantages
256 3177 286 3224 ol
304 3193 368 3242 your
388 3194 438 3235 era,
458 3176 510 3225 and
529 3176 609 3226 credit

112 3242 157 3291 the
169 3242 285 3311 ancients
294 3244 355 3292 with
368 3244 445 3292 those
454 3243 537 3292 which
550 3243 611 3307 they

660 2377 806 2441 possessed.
818 2377 934 2425 -citra
945 2398 977 2419 =
988 2379 1049 2434 sine,
1074 2391 1103 2426 as
1132 2377 1158 2425 in

661 2458 700 2506 27.
724 2458 747 2492 2.
757 2443 935 2493 -alteriusz
951 2443 1025 2492 -here
1048 2443 1090 2491 for
1114 2445 1158 2493 the

659 2526 717 2574 gen.
736 2511 765 2558 ol
781 2512 856 2567 alius,
874 2525 903 2558 as
921 2510 1002 2557 usual.

693 2574 738 2633 42,
758 2577 887 2625 finierat:
905 2577 972 2624 asin
985 2590 1021 2637 14.
1035 2577 1157 2626 1.—dies

661 2652 779 2692 exactus
791 2661 797 2690 τ
815 2642 901 2706 poetic
913 2642 965 2690 and
973 2645 1158 2706 post-August·

660 2724 693 2758 an
705 2710 747 2758 for
758 2711 810 2758 dies
821 2710 951 2774 confectus.

693 2791 717 2825 2.
742 2777 935 2835 conferemus,
964 2779 1068 2842 confer:
1097 2777 1157 2826 here

661 2843 724 2893 used
731 2844 883 2908 absolutely.
907 2844 965 2893 The
976 2843 1049 2893 usual
1059 2858 1158 2906 expres-

660 2912 717 2959 sion
730 2911 751 2959 is
762 2928 900 2959 sermonem
915 2912 1035 2975 conferre.

693 2992 717 3038 3.
742 2978 844 3040 poetis,
867 2977 1050 3040 antiquariis:
1072 2979 1157 3025 crimi-

661 3045 723 3091 nari
737 3045 758 3092 is
778 3043 877 3107 usually
892 3043 1015 3091 followed
1032 3043 1066 3108 by
1081 3044 1154 3105 apud

659 3112 769 3173 aliquem
795 3117 841 3158 not
864 3109 899 3174 by
922 3110 966 3158 the
989 3109 1042 3157 dat.
1084 3111 1158 3157 Anti-

661 3179 769 3239 quarius
784 3176 806 3224 is
821 3177 882 3224 here
901 3174 964 3223 used
981 3176 1007 3223 in
1026 3175 1069 3224 the
1081 3191 1157 3224 sense

661 3242 690 3289 of
700 3243 856 3306 adnu'rerof
867 3242 908 3290 tte
920 3248 993 3303 past,·
1005 3257 1048 3289 see
1059 3255 1097 3288 21.
1107 3255 1156 3304 9n.
