2648 4214
493 295 519 341 P.
539 293 720 342 CORNELII
740 293 868 340 TACITI

1154 290 1188 355 o.
1203 304 1232 334 1-

133 492 147 525 2
182 461 369 544 principum
394 459 481 524 tueri
506 468 539 522 et
564 459 745 522 defendere
767 459 872 522 datur.
923 459 1010 521 Turn
1027 457 1107 521 mihi
1125 479 1230 541 supra
1293 493 1298 502 ·

182 571 372 633 tribunatus
390 579 422 631 et
441 576 612 650 praeturas
630 575 664 630 et
681 567 874 630 consulatus
899 567 1080 630 ascendere
1099 566 1227 644 videor,

181 688 253 741 turn
273 679 404 752 habere,
423 676 519 758 quod,
540 675 567 739 si
584 696 651 738 non
672 674 706 737 in
723 675 833 738 animo
850 673 964 750 oritur,
983 695 1044 739 nec
1063 674 1228 739 codicillis

133 809 147 859 3
182 789 279 850 datur
296 807 357 850 nec
375 807 449 850 cunr
467 786 575 868 gratia
590 785 692 847 venit.
743 783 856 866 Quid?
885 783 974 846 fama
992 793 1024 846 et
1040 784 1111 846 laus
1129 784 1228 847 cuius
1273 819 1276 824 ·

181 896 263 958 artis
288 917 363 958 curn
389 905 557 957 oratorum
581 893 686 976 gloria
711 894 932 974 comparanda
954 893 1028 955 est?
1078 892 1227 974 Quinam

183 1002 392 1066 inlustriores
410 1013 487 1065 sunt
506 1002 538 1064 in
557 1004 638 1065 urbe
656 1022 723 1064 non
746 1001 853 1063 solum
871 1002 957 1082 apud
980 1000 1173 1082 negotiosos
1192 1010 1227 1065 et

182 1113 281 1174 rebus
316 1110 473 1186 intentos,
509 1111 567 1173 sed
604 1111 703 1172 etiam
736 1110 822 1190 apud
859 1108 995 1171 iuvenes
1031 1129 1153 1171 vacuos
1192 1119 1228 1172 et

181 1219 424 1294 adulescentes,
443 1219 564 1300 quibus
581 1219 679 1281 modo
702 1226 735 1280 et
759 1227 850 1280 recta
872 1216 999 1279 indoles
1017 1227 1068 1279 est
1086 1225 1118 1278 et
1137 1217 1229 1281 bona

132 1349 148 1394 4
183 1347 258 1408 spes
284 1327 359 1389 sui?
408 1327 559 1409 Quorum
582 1326 717 1389 nomina
736 1326 827 1406 prius
844 1335 1000 1406 parentes
1016 1323 1129 1387 liberis
1156 1326 1227 1389 suis

182 1435 363 1516 ingerunt?
413 1434 506 1516 Quos
532 1434 664 1515 saepius
681 1434 800 1515 vulgus
825 1453 957 1514 quoque
980 1433 1168 1514 imperitum
1191 1444 1227 1497 et

182 1543 352 1605 tunicatus
385 1542 438 1604 hic
471 1542 612 1623 populus
648 1551 862 1603 transeuntes
895 1540 1029 1603 nomine
1060 1550 1156 1603 vocat
1191 1551 1227 1604 et

135 1669 147 1720 5
182 1650 288 1731 digito
306 1649 536 1711 demonstrat?
584 1648 747 1711 Advenae
764 1668 895 1729 quoque
918 1657 950 1710 et
973 1646 1139 1729 peregrini
1158 1647 1226 1710 iam

184 1758 216 1819 in
250 1757 440 1838 municipiis
472 1766 504 1818 et
539 1757 678 1819 coloniis
707 1756 776 1818 suis
803 1756 945 1829 auditos
975 1776 1049 1818 curn
1079 1754 1226 1836 primum

183 1866 297 1928 urbem
322 1865 515 1947 attigerunt,
541 1865 713 1946 requirunt
738 1884 775 1926 ac
800 1863 891 1926 velut
916 1864 1122 1944 adgnoscere
1147 1883 1226 1927 con-

132 1973 150 2036 8
184 1974 370 2055 cupiscunt.
410 1973 531 2035 Ausim
545 1974 747 2035 contendere
762 1971 956 2034 Marcellum
970 1971 1058 2033 hunc
1073 1969 1223 2051 Eprium,

181 2084 223 2145 de
240 2103 304 2163 quo
319 2083 419 2144 rnodo
432 2081 563 2144 locutus
578 2102 661 2153 sum,
677 2091 710 2142 et
729 2080 885 2160 Crispum
898 2079 1036 2141 Vibium
1051 2078 1225 2163 (libentius

182 2190 271 2252 enirn
292 2190 385 2252 novis
405 2199 438 2251 et
461 2189 652 2252 recentibus
677 2209 775 2270 quarn
801 2186 937 2249 remotis
963 2195 996 2249 et
1021 2186 1224 2250 oblitteratis

180 2354 233 2394 tors
253 2348 310 2394 who
330 2348 447 2408 belonged
463 2352 488 2392 to
506 2346 548 2393 the
567 2347 631 2393 class
651 2346 683 2408 of
728 2345 781 2393 tion
798 2343 932 2406 occurring
947 2343 1095 2407 repeatedly
1108 2343 1133 2390 in
1150 2344 1225 2392 Taci-

180 2414 406 2461 liberti.-datur
423 2412 483 2460 nith
506 2412 548 2460 the
571 2412 614 2458 ini.
637 2427 677 2459 oc-

181 2495 239 2527 curs
267 2479 415 2542 repeatedly
443 2478 468 2525 in
498 2479 611 2534 Tacitus,
633 2495 675 2540 eg.

181 2548 251 2593 Anae.
266 2546 310 2592 IV.
324 2546 340 2594 6
352 2546 508 2607 dabaturque
517 2546 677 2606 primoribus

180 2614 306 2660 disserere.

213 2692 238 2727 2.
263 2678 411 2736 codicillis,
435 2678 625 2725 redieret-orders
648 2676 678 2724 oi

181 2745 225 2793 the
244 2745 376 2807 Emperor.

213 2826 238 2871 3.
259 2811 337 2859 iarna
355 2819 383 2859 et
401 2811 479 2860 laus:
498 2817 559 2857 note
576 2809 620 2857 the
638 2823 676 2856 ac-

180 2878 338 2926 cumulation
362 2877 391 2924 of
413 2892 552 2940 synonyms
575 2876 600 2922 in
624 2876 675 2924 this

180 2959 301 3007 passage:
321 2945 398 2991 lama
419 2951 447 2990 et
469 2942 547 3000 laus;
565 2944 677 3006 negoti-

180 3025 249 3059 osos
262 3019 290 3059 et
303 3013 389 3059 rebus
409 3011 551 3069 intentos;
570 3011 675 3074 vulgus

181 3079 355 3141 imperitum,
369 3079 515 3127 tunicatus
534 3080 676 3143 populus;

180 3145 307 3192 advenae
325 3154 353 3193 et
369 3147 674 3210 peregrini—quibus

180 3212 266 3259 modo
276 3220 335 3259 est:
349 3214 435 3261 clause
445 3213 473 3260 oi
480 3213 584 3275 proviso
591 3214 615 3260 in
622 3212 673 3259 ind.

212 3293 237 3338 4.
262 3277 404 3341 ingerunt,
429 3281 535 3341 impress
561 3287 676 3340 upon.-

180 3343 336 3403 tunicatus,
354 3348 382 3392 iu
400 3347 519 3408 working
533 3347 620 3402 dress;
641 3344 673 3393 cf.

182 3410 246 3458 Hor.
259 3412 309 3472 Ep.
324 3412 343 3458 I.
363 3425 385 3472 7.
398 3413 429 3476 65
448 3414 511 3461 vilra
529 3413 673 3459 arridentem

179 3478 290 3524 tunicato
305 3486 389 3526 scruta
403 3478 618 3540 popello—hic:
637 3480 674 3525 ie.

179 3545 394 3607 noster—digito
407 3546 601 3592 demonstrat:
618 3559 675 3591 usu·

179 3609 231 3672 ally
247 3610 325 3671 digito
342 3618 491 3665 monstrare,
505 3610 550 3658 but
569 3611 600 3657 cf.
620 3610 673 3657 Cic.

179 3676 209 3722 de
228 3677 272 3722 Or.
290 3677 325 3723 ΙΙ.
345 3677 393 3724 266
410 3679 582 3724 demonstrari
597 3677 675 3738 digito

181 3744 278 3802 pictum
296 3744 407 3790 Gallum.

213 3822 235 3869 5.
257 3809 380 3866 auditos,
392 3810 474 3858 heard
482 3810 514 3872 oſs
525 3824 541 3858 a
552 3809 675 3872 significa·

728 2419 776 2466 tus,
799 2428 842 2472 eg.
869 2412 954 2458 Germ.
975 2424 1003 2470 41
1030 2412 1103 2458 Albis
1119 2410 1224 2473 flumen

727 2495 796 2525 rruerc
816 2484 914 2524 tantum
933 2478 1047 2524 auditur.
1085 2478 1120 2524 So
1141 2477 1222 2541 Pliny,

727 2546 777 2605 Ep.
797 2544 858 2591 Vll.
878 2557 916 2603 27.
935 2557 948 2603 7
967 2544 1107 2590 simulacra
1124 2544 1222 2600 audita,

727 2610 777 2658 and
786 2625 849 2658 even
859 2610 957 2666 Cicero,
965 2626 1007 2670 eg.
1016 2611 1077 2656 Ναί.
1084 2610 1119 2656 D.
1130 2609 1165 2656 ll.
1172 2609 1189 2658 6
1197 2626 1225 2658 eo

727 2680 780 2738 ipso
790 2678 830 2724 die
842 2677 958 2724 auditam
971 2692 1021 2722 esse
1037 2692 1090 2723 eam
1105 2682 1222 2738 pugnam
1263 2733 1265 2737 ,

726 2745 861 2791 memoriae
885 2744 1016 2804 proditum
1047 2750 1088 2789 est.
1101 2742 1223 2792 -velut

726 2812 918 2873 adgnoscere:
937 2811 974 2856 io.
993 2824 1021 2857 as
1040 2808 1139 2870 though
1162 2809 1224 2873 they

726 2876 778 2924 had
790 2875 893 2940 already
904 2891 965 2924 seen
978 2877 1050 2941 thern
1057 2894 1062 2934 ;
1081 2891 1111 2923 so
1123 2877 1192 2924 clear
1207 2891 1224 2924 a

726 2944 823 3006 picture
833 2943 899 2991 have
912 2944 972 3008 they
981 2943 1073 3006 gained
1085 2944 1118 3007 by
1128 2951 1222 3006 report.

759 3010 786 3065 8,
812 3011 982 3060 Marcellum
1008 3012 1137 3074 Eprium,
1163 3011 1223 3059 Cri·

727 3092 812 3140 spum
822 3078 957 3126 Vibium:
975 3078 1017 3125 lor
1026 3079 1070 3126 the
1083 3078 1223 3140 transposi-

726 3146 780 3193 tion
794 3144 823 3191 oi
835 3145 878 3192 the
890 3160 979 3192 names
991 3160 1035 3192 see
1049 3159 1069 3192 1.
1085 3158 1094 3191 1
1110 3160 1134 3191 n.
1172 3145 1223 3192 For

727 3211 865 3259 Marcellus
886 3227 929 3260 see
950 3223 971 3274 5.
990 3225 1041 3272 7n.
1078 3212 1110 3271 Q.
1130 3210 1222 3260 Vibius

727 3278 842 3340 Crispus,
861 3294 876 3326 a
893 3279 980 3326 native
998 3278 1027 3325 oi
1046 3278 1177 3326 Vercellae
1196 3278 1221 3325 in

726 3344 858 3407 Cisalpine
876 3344 951 3398 Gaul.
971 3360 1022 3393 was
1040 3344 1121 3392 noted
1138 3360 1168 3392 as
1188 3359 1221 3392 an

725 3410 1221 3459 oratorandaniniorrnerunderNero.

727 3478 770 3524 He
784 3476 853 3525 filled
870 3478 969 3526 several
988 3477 1072 3525 minor
1090 3475 1177 3525 offices
1195 3477 1221 3525 in

725 3543 769 3591 the
782 3543 867 3605 reigns
879 3543 909 3591 oi
921 3545 993 3592 Nero
1005 3542 1057 3591 and
1070 3543 1222 3605 Vespasian,

725 3608 777 3657 and
786 3608 846 3657 died
858 3618 884 3658 at
896 3625 928 3658 an
943 3608 1075 3657 advanced
1085 3624 1132 3671 age
1142 3609 1168 3656 in
1177 3609 1222 3657 the

725 3675 796 3737 reign
809 3677 838 3723 ol
853 3676 1125 3724 Domitian—novis
1138 3683 1167 3722 et
1180 3689 1223 3723 re-

726 3743 867 3800 centibus,
887 3758 942 3790 new
961 3743 1016 3789 and
1033 3740 1222 3808 consequently

725 3810 801 3874 fresh
815 3810 840 3858 in
853 3809 897 3858 the
910 3807 995 3858 minds
1007 3807 1036 3857 of
1047 3808 1088 3857 all.
