2648 4214
477 298 504 344 P.
527 296 707 344 CORNELII
731 297 859 346 TAClTl

1151 295 1199 358 [aa
1214 300 1244 343 a

144 485 157 532 7
195 485 275 527 usus
300 463 511 546 eloquentiae
539 466 684 540 accedat,
711 485 771 547 per
794 485 878 547 quae
903 464 1070 548 colligitur
1098 468 1241 529 eandem

194 592 269 635 esse
286 572 448 635 rationem
463 581 496 634 et
509 572 715 655 percipiendi
732 593 817 655 quae
833 573 983 655 proferas
996 582 1029 636 et
1047 573 1242 655 proferendi

143 688 158 736 8
194 701 279 762 quae
303 681 501 761 perceperis.
553 680 620 744 Sed
637 681 666 743 si
687 681 741 744 cui
761 681 952 744 obscuriora
974 681 1055 746 haec
1071 682 1239 758 videntur,

193 789 288 870 isque
320 788 494 867 scientiam
527 790 568 852 ab
601 789 839 852 exercitatione
871 798 1013 871 separat,
1039 789 1120 853 illud
1147 802 1240 855 certe

194 897 364 972 concedet,
392 897 594 960 instructum
624 907 657 959 et
686 897 820 980 plenum
854 898 906 960 his
935 898 1062 961 artibus
1091 899 1240 962 animum

193 1004 293 1087 longe
309 1005 507 1087 paratiorem
529 1007 570 1068 ad
590 1026 646 1068 eas
672 1005 928 1069 exercitationes
945 1017 1133 1081 venturum,
1152 1027 1240 1088 quae

194 1114 346 1194 propriae
364 1134 438 1176 esse
455 1122 623 1195 pratorum
639 1114 803 1177 videntur.
1070 1195 1074 1211 Ι

145 1219 182 1282 34
241 1223 331 1302 Ergo
350 1222 437 1302 apud
460 1221 603 1284 maiores
628 1231 762 1284 nostros
787 1215 916 1285 iuvenis
942 1222 997 1285 ille
1025 1222 1082 1304 qui
1105 1222 1178 1285 foro
1205 1232 1238 1285 et

194 1328 408 1411 eloquentiae
417 1330 604 1411 parabatur,
617 1329 841 1397 imbutusiam
854 1331 1039 1394 domestica
1051 1329 1237 1411 disciplina,

193 1438 344 1517 refertus
354 1438 505 1500 honestis
523 1422 653 1520 studiis,
672 1439 899 1502 deducebatur
915 1459 935 1501 a
951 1447 1045 1520 patre
1061 1437 1114 1501 vel
1130 1458 1150 1501 a
1166 1447 1240 1520 pro-

192 1545 325 1627 pinquis
359 1546 400 1607 ad
429 1566 505 1608 eum
539 1555 703 1609 oratorem
732 1547 790 1629 qui
812 1546 1005 1629 'principem
1038 1546 1072 1609 in
1101 1545 1239 1610 civitate

144 1675 157 1708 2
193 1631 301 1716 locum
327 1645 511 1730 obtinebat,
563 1655 665 1718 Hunc
690 1655 822 1730 sectari,
839 1653 1239 1736 hunc·prosequi„huius

192 1761 347 1824 omnibus
372 1762 575 1825 dictionibus
601 1763 774 1837 interesse,
792 1763 861 1826 sive
887 1763 921 1825 in
947 1762 1077 1826 iudiciis
1106 1761 1176 1825 sive
1203 1763 1238 1826 in
1275 1823 1278 1828 .

193 1870 405 1933 contionibus
422 1872 652 1946 adsuescebat,
668 1871 714 1934 ita
730 1879 766 1933 ut
782 1870 1019 1934 altercationes
1036 1891 1168 1953 quoque
1186 1891 1239 1934 ex·

111 1960 115 1968 ⁵
192 1979 317 2060 ciperet
335 1988 368 2040 et
386 1978 501 2060 iurgiis
519 1979 708 2054 interesset,
728 1988 831 2061 utque
856 1972 903 2042 sic
921 1979 1069 2054 dixerim,
1088 1999 1239 2061 pugnare

143 2109 157 2159 3
192 2087 226 2148 in
259 2086 384 2167 proelio
417 2087 571 2150 disceret.
631 2089 776 2170 Magnus
808 2108 848 2150 ex
881 2087 943 2150 hoc
976 2107 1066 2162 usus,
1094 2088 1238 2150 multum

191 2194 410 2269 constantiae,
426 2194 604 2277 plurimum
622 2195 735 2259 iudicii
747 2196 924 2258 iuvenibus
938 2195 1051 2258 statim
1066 2195 1238 2277 continge-

191 2305 247 2366 bat
274 2303 307 2364 in
332 2303 441 2365 media
462 2303 536 2366 luce
559 2304 772 2367 studentibus
792 2314 893 2386 atque
918 2303 1005 2366 inter
1029 2303 1101 2385 ipsa
1124 2303 1238 2365 discri-

191 2411 289 2486 mina,
306 2411 362 2472 ubi
380 2431 478 2473 nemo
492 2411 627 2492 impune
645 2411 747 2474 stulte
760 2410 884 2493 aliquid
900 2420 956 2474 aut
974 2410 1139 2474 contrarie
1155 2410 1236 2474 dicit

186 2611 274 2656 genus,
298 2595 350 2641 nisi
367 2601 396 2641 ut
417 2611 502 2642 omncs
523 2596 613 2656 species
631 2602 688 2656 pra

191 2667 359 2717 moveantur;
387 2661 460 2724 Pliny
477 2663 528 2722 Ep.
548 2661 584 2707 11.
606 2661 688 2709 12.16

191 2743 269 2790 neque
291 2728 357 2774 enim
383 2728 434 2773 iam
456 2728 574 2774 incohari
588 2735 690 2788 poterat

189 2795 259 2850 actio,
273 2795 325 2840 nisi
336 2800 366 2839 ut
376 2795 454 2840 noctis
465 2795 608 2840 interuentu
625 2796 688 2841 scin·

190 2861 311 2916 decatum
331 2859 402 2906 Suet.
418 2861 507 2907 Claud.
521 2872 559 2924 35.

223 2930 247 2974 8.
271 2939 345 2988 quae
369 2926 511 2985 videntur,
535 2927 619 2974 which
643 2944 689 2975 are

189 3009 252 3040 scen.

222 3056 267 3114 34.
293 3073 370 3121 ergo,
398 3060 566 3122 accordingly,
593 3061 631 3107 ic.
661 3061 687 3108 in

189 3124 348 3173 accordance
368 3125 430 3173 with
455 3125 499 3173 the
519 3127 633 3189 promise
654 3127 687 3174 al-

189 3191 267 3256 ready
277 3191 353 3239 made
365 3190 456 3249 above,
465 3199 606 3255 persequar
619 3210 688 3241 nunc

188 3260 419 3306 exercitationes-
426 3259 633 3308 deducebatur:
643 3259 687 3307 the

189 3325 290 3386 regular
301 3325 373 3372 word
386 3332 414 3372 to
427 3324 540 3373 indicate
553 3325 597 3373 the
610 3326 688 3374 intro·

188 3389 295 3438 duction
311 3391 340 3438 of
360 3407 376 3438 a
396 3407 484 3456 young
506 3393 609 3440 Roman
630 3393 686 3440 into

188 3458 271 3505 active
283 3457 395 3507 life—a
408 3459 577 3522 propinquis
589 3475 595 3505 z
613 3461 650 3506 ic.
660 3459 685 3506 in

188 3538 247 3572 case
260 3524 304 3572 the
315 3523 402 3573 father
419 3541 472 3573 was
490 3524 594 3588 already
611 3524 686 3573 dead.

221 3604 246 3638 a.
269 3592 346 3640 hunc
360 3591 472 3650 sectari,
484 3599 542 3640 etc:
561 3590 593 3639 cf.
605 3605 626 3638 2.
636 3605 649 3638 2
659 3590 686 3638 ff.

188 3658 367 3706 -omnibus
397 3658 579 3716 dictionibus,
605 3674 687 3719 every-

188 3724 612 3786 tainghcsaia-altercationes
624 3741 630 3772 t
642 3724 687 3773 the

187 3791 316 3839 altercatio
328 3805 380 3840 was
395 3790 513 3854 opposed
529 3798 557 3839 to
574 3791 618 3840 the
633 3808 687 3840 corc-

739 2596 813 2643 tinua
848 2610 878 2643 or
900 2601 1024 2657 perpetua
1052 2596 1151 2652 ararim
1192 2594 1237 2644 the

738 2661 836 2710 former
847 2660 979 2710 consisted
994 2661 1022 2709 oi
1038 2661 1172 2724 questions
1184 2660 1237 2710 and

738 2725 1238 2784 answers,thelatterallowednointer·

739 2794 864 2857 ruptions.
900 2795 943 2841 An
955 2792 1174 2856 altercatiomight
1182 2802 1238 2842 nat·

693 2889 696 2901 ι
739 2861 820 2925 urally
838 2859 944 2908 become
962 2875 992 2908 so
1010 2858 1105 2909 heated
1122 2860 1148 2907 in
1166 2859 1237 2909 cbar-

739 2935 808 2975 acter
819 2942 849 2976 as
867 2934 895 2975 to
912 2925 1067 2990 degenerate
1084 2927 1139 2974 into
1151 2943 1238 2975 wran-

734 2995 811 3056 gling
822 2993 968 3056 (iurgium),
981 2992 1064 3041 which
1078 3008 1129 3042 was
1144 2992 1237 3042 doubt·

738 3060 789 3108 less
802 3059 874 3108 often
888 3060 933 3109 the
948 3067 1081 3109 case-ut
1099 3061 1141 3108 sic
1159 3061 1236 3109 dixe-

738 3127 803 3174 rim:
819 3124 868 3175 ¹the
881 3142 927 3175 use
939 3127 969 3175 ot
980 3127 1027 3176 the
1038 3127 1137 3190 perfect
1148 3125 1175 3175 in
1191 3126 1236 3175 the

738 3208 813 3242 sense
831 3193 860 3241 ot
882 3193 927 3242 the
947 3201 1052 3257 present
1075 3194 1097 3243 is
1115 3192 1236 3243 confined

738 3260 895 3325 exclusively
917 3268 945 3308 to
975 3261 1099 3324 principal
1126 3261 1235 3317 clauses,

737 3334 828 3390 except
840 3327 866 3374 in
877 3327 929 3376 this
940 3327 1041 3390 phrase,
1050 3326 1133 3376 which
1143 3342 1236 3376 occurs

737 3392 886 3458 repeatedly
907 3394 933 3442 in
954 3395 1061 3443 Tacitus
1081 3392 1133 3442 and
1157 3393 1237 3454 Quin-

737 3459 817 3508 tilian.
853 3459 936 3509 Other
958 3461 1056 3510 writers
1079 3476 1125 3510 use
1148 3467 1179 3508 ut
1199 3463 1236 3509 ita

737 3527 820 3574 dicam
834 3541 864 3575 or
875 3535 905 3575 ut
914 3529 950 3575 ita
962 3529 1083 3576 dixerim.

771 3607 796 3653 3.
820 3595 1009 3654 constantiae,
1022 3595 1237 3659 elfredam-

738 3659 845 3718 iudicii,
854 3668 909 3709 tact.
917 3660 987 3709 -in
997 3660 1092 3710 media
1100 3660 1164 3710 luce
1175 3678 1181 3708 z
1197 3663 1236 3710 cle.

738 3725 763 3772 in
783 3726 826 3774 the
844 3742 912 3790 open
931 3727 1024 3775 iorum.
1036 3755 1070 3763 —
1082 3727 1131 3776 ubi
1149 3741 1236 3777 nemo

738 3792 856 3856 impune
888 3793 965 3855 dicit,
998 3800 1054 3854 etc,
1084 3794 1169 3845 where
1203 3810 1238 3845 no
