2648 4214
125 319 177 363 ,aa
193 318 215 378 1]

408 317 595 366 DlALOGVS
620 316 670 364 DE
695 316 939 365 ORATORIBVS.
1190 313 1223 366 47

128 489 271 551 disertos
288 487 480 562 antecessit,
500 486 622 549 Calvus
640 495 751 547 autem
775 494 807 546 et
832 484 973 547 Asinius
996 493 1029 546 et
1050 484 1174 547 Caesar

128 606 161 659 et
188 596 321 659 Caelius
345 604 377 658 et
405 596 528 656 Brutus
551 594 621 656 iure
646 603 679 656 et
705 593 871 675 prioribus
896 601 929 655 et
954 592 1172 674 sequentibus

128 713 387 786 anteponuntur.
449 703 522 765 Nec
551 702 653 764 refert
683 703 770 783 quod
798 701 885 764 inter
911 721 948 763 se
973 701 1085 781 specie
1113 700 1173 762 dii-

127 813 251 887 ferunt,
278 833 353 874 eum
379 831 502 893 genere
527 811 750 873 consentiant.
809 809 1014 872 Adstrictior
1040 809 1170 883 Calvus,
1207 824 1224 872 6

129 921 300 982 nervosior
317 920 468 994 AsiniuS,
488 920 691 1000 splendidior
712 919 844 991 Caesar,
863 917 1004 980 amarior
1029 916 1171 991 Caelius

128 1029 260 1110 gravior
293 1029 426 1102 Brutus,
457 1027 687 1090 vehementior
719 1037 751 1088 et
785 1026 913 1107 plenior
945 1035 978 1087 et
1010 1024 1174 1087 valentior

130 1136 271 1214 Cicero;
303 1157 419 1198 omnes
445 1146 558 1198 tamen
587 1137 726 1198 eandem
756 1135 933 1197 sanitatem
964 1134 1173 1216 eloquentiae
1208 1154 1221 1201 7

129 1246 332 1326 praeierunt,
364 1253 409 1318 ut,
441 1244 469 1306 si
502 1244 649 1306 omnium
683 1244 806 1324 pariter
837 1243 939 1306 libros
972 1243 1005 1305 in
1039 1263 1173 1305 manum

129 1353 322 1434 sumpseris,
338 1353 433 1427 scias,
448 1352 598 1434 quamvis
616 1351 649 1413 in
666 1351 806 1414 diversis
824 1351 968 1433 ingeniis
986 1371 1060 1435 esse
1073 1372 1173 1434 quan-

129 1463 203 1524 dam
221 1461 334 1523 iudicii
352 1482 389 1523 ac
406 1460 588 1522 voluntatis
606 1459 858 1522 similitudinem
876 1470 909 1521 et
927 1460 1171 1541 cognationem.

130 1570 216 1632 Nam
243 1571 331 1651 quod
358 1570 391 1630 in
417 1569 523 1631 vicem
546 1588 582 1630 se
605 1569 877 1631 obtrectaverunt
903 1577 936 1630 et
962 1577 1040 1631 sunt
1065 1568 1174 1650 aliqua
1208 1583 1223 1632 8

130 1678 282 1759 epistulis
312 1698 426 1739 corum
460 1677 585 1739 inserta
616 1696 656 1738 ex
685 1676 806 1758 quibus
835 1685 952 1739 mutua
984 1677 1174 1759 malignitas

129 1786 307 1867 detegitur,
341 1806 408 1847 non
441 1795 492 1847 est
529 1795 696 1847 oratorum
732 1784 860 1859 vitium,
896 1786 954 1847 sed
991 1785 1172 1848 hominum.

44 1958 48 1965 ,
131 1894 217 1956 Nam
236 1904 269 1955 et
288 1894 427 1956 Calvum
446 1903 477 1955 et
497 1893 655 1955 Asinium
673 1903 706 1955 et
724 1893 833 1973 ipsum
855 1892 1052 1956 Ciceronem
1075 1895 1173 1956 credo
1208 1914 1224 1963 9

130 2002 245 2064 solitos
272 2011 304 2064 et
331 2002 478 2063 invidere
504 2011 536 2063 et
561 2001 663 2062 livere
689 2011 722 2062 et
750 2001 870 2064 ceteris
897 2002 1062 2064 humanae
1088 2001 1174 2064 infir-

130 2110 256 2171 mitatis
272 2110 362 2171 vitiis
383 2109 502 2185 adfici;
535 2109 642 2171 solum
668 2109 755 2171 inter
780 2110 841 2172 hos
865 2109 1008 2172 arbitror
1033 2110 1174 2172 Brutum
1195 2130 1225 2165 10

130 2238 196 2279 non
215 2218 423 2299 malignitate
443 2238 505 2280 nec
526 2217 658 2291 invidia,
679 2218 737 2279 sed
755 2217 951 2298 simpliciter
973 2228 1006 2279 et
1029 2217 1174 2299 ingenue

131 2325 288 2388 iudicium
305 2325 408 2387 animi
426 2326 478 2388 sui
494 2325 670 2388 detexisse.
694 2326 698 2335 '
722 2324 779 2386 An
803 2325 857 2387 ille
881 2324 1036 2389 Ciceroni
1053 2325 1176 2388 invide-

130 2443 191 2508 ret,
206 2433 262 2515 qui
275 2433 356 2495 mihi
369 2433 501 2495 videtur
514 2452 556 2494 ne
571 2432 705 2495 Caesari
719 2433 852 2514 quidem
866 2432 1044 2496 invidisse?
1075 2433 1174 2516 Quod
1195 2463 1222 2498 11

130 2542 170 2602 ad
197 2540 349 2604 Servium
376 2541 515 2603 Galbam
541 2551 574 2602 et
601 2541 637 2603 C.
659 2541 808 2602 Laelium
833 2540 954 2602 attinet
979 2550 1013 2603 et
1039 2541 1067 2604 si
1091 2562 1174 2624 quos

130 2649 212 2711 alios
229 2649 453 2730 antiquiorum
475 2649 568 2730 Aper
588 2648 715 2730 agitare
738 2669 805 2710 non
827 2648 967 2724 destitit,
987 2671 1054 2712 non
1072 2650 1175 2732 exigit

130 2756 351 2831 defensorem,
372 2778 447 2819 cum
469 2757 576 2819 fatear
598 2758 760 2839 quaedam
778 2757 989 2839 eloquentiae
1007 2778 1120 2820 eorum
1139 2767 1174 2820 ut

131 2865 283 2927 nascenti
300 2866 407 2928 adhuc
425 2886 487 2927 nec
505 2865 586 2927 satis
607 2865 739 2927 adultae
762 2825 1128 2942 defuissezffieterum
1147 2867 1174 2928 si
1187 2864 1225 2929 26
1292 2850 1309 2903 l

129 3015 173 3063 list
200 3030 289 3077 agrees
313 3014 374 3061 with
400 3014 457 3062 that
480 3015 628 3080 previously

130 3081 207 3144 given
219 3081 253 3144 by
263 3083 334 3142 Aper
346 3081 373 3127 in
388 3093 425 3140 17.
437 3095 456 3136 1,
467 3088 558 3143 except
572 3083 628 3130 that

132 3148 257 3196 Messalla
274 3147 334 3194 here
356 3146 485 3211 modestly
502 3148 581 3196 omits
600 3156 628 3196 to

131 3214 247 3262 mention
255 3212 295 3261 his
303 3222 488 3262 ownancestor
497 3215 627 3263 Messalla.

164 3283 188 3328 ⁶.
213 3281 385 3338 adstrictior,
397 3283 497 3328 stricter
511 3281 537 3328 in
554 3282 627 3346 style.

130 3348 338 3399 -nervosior2
362 3346 394 3395 cf.
416 3348 469 3396 Cic.
487 3350 563 3396 Brut.
583 3363 625 3396 121

131 3419 189 3481 quis
200 3418 334 3465 Aristotele
346 3420 477 3466 nervosr'or
487 3417 628 3479 t-splen·

131 3486 233 3534 didior:
243 3486 304 3535 here
310 3486 496 3551 apparentlyof
501 3486 628 3533 clearness

130 3553 160 3601 of
168 3555 241 3618 style,
251 3554 383 3603 iorwhich
392 3555 517 3603 Caesaris
527 3553 629 3616 praised

130 3620 164 3684 by
182 3620 246 3669 both
272 3621 364 3669 Cicero
387 3622 474 3686 (Brut.
494 3620 552 3682 261)
577 3620 628 3669 and

132 3687 276 3746 Quintilian
291 3688 335 3749 (X.
351 3701 371 3734 1.
387 3688 628 3750 nri—gravior:

132 3753 275 3812 Quintilian
286 3753 342 3801 also
352 3753 427 3814 (XII.
437 3768 474 3802 ro.
486 3756 524 3813 11)
534 3753 628 3816 speaks

131 3817 160 3867 oi
172 3819 215 3867 the
223 3822 341 3883 gravitas
353 3819 382 3867 oi
395 3819 511 3868 Brutus's
524 3820 597 3883 style.

712 3020 736 3064 8.
755 3016 841 3078 quod,
850 3032 880 3062 as
889 3017 994 3078 regards
1002 3017 1043 3064 tlte
1047 3018 1107 3080 fact
1114 3019 1175 3065 that.

678 3083 750 3129 —in
772 3082 882 3129 vicem:
909 3083 1116 3145 post-Augustam
1134 3083 1176 3132 for

679 3150 747 3196 inter
769 3164 800 3203 se,
819 3162 848 3196 as
867 3161 905 3196 20.
920 3159 951 3212 5;
981 3148 1013 3196 cf.
1031 3151 1095 3211 Agr.
1113 3150 1130 3198 6
1147 3152 1175 3199 in

679 3218 756 3262 vicem
775 3231 800 3262 se
816 3215 996 3275 anteponendo.

714 3296 752 3330 10.
779 3282 903 3330 Brutum
921 3295 980 3330 non
996 3283 1176 3346 malignitate

680 3385 687 3398 .
701 3385 708 3397 .
722 3385 729 3397 .
742 3350 905 3398 detexisse:
926 3350 1077 3412 zeugmatic.
1114 3350 1178 3413 Sup

679 3417 722 3480 p1y
734 3417 759 3463 in
773 3433 848 3467 sense
860 3434 935 3467 some
946 3417 1010 3467 such
1023 3416 1136 3479 thought
1148 3432 1176 3464 as

679 3486 789 3533 locutum
808 3504 864 3559 esse)
880 3503 910 3535 or
927 3484 1177 3535 iudicasse-invi·

680 3555 775 3602 deret:
797 3555 841 3603 the
859 3553 943 3618 suij.
956 3553 978 3602 is
996 3551 1176 3608 deliberative;

680 3622 724 3669 Gr.
738 3621 793 3669 268.

714 3702 753 3736 11.
778 3688 881 3750 exigit;
896 3703 925 3736 as
937 3687 1004 3751 subj.
1019 3684 1177 3735 understand

679 3755 714 3810 id,
732 3761 759 3801 to
772 3754 804 3802 be
819 3753 939 3816 supplied
954 3753 1023 3801 from
1036 3753 1112 3816 quod
1128 3789 1135 3801 .
1150 3787 1177 3800 ..

680 3821 791 3869 attinet.
