2648 4214
111 338 162 384 aa.
177 339 201 400 a]

409 340 598 390 DIALOGVS
624 340 673 388 DE
698 339 942 389 ORATORIBVS.

161 511 204 573 Et
241 506 422 572 Messalla:
476 509 572 571 ‘Non
608 508 808 582 reconditas,
843 509 1006 582 Materne,
1041 526 1157 570 causas
1170 501 1208 566 28

114 615 255 699 requiris
285 623 348 679 nec
376 624 433 678 aut
459 615 520 689 tibi
545 616 609 697 ipsi
633 624 690 678 aut
715 615 792 678 huic
819 616 974 678 Secundo
1001 614 1054 676 vel
1082 613 1159 675 huic

114 725 209 807 Apro
227 724 369 807 ignotas
385 724 485 787 etiam
502 724 530 787 si
548 723 629 786 mihi
642 732 754 805 partes
768 723 952 805 adsignatis
969 721 1160 804 proferendi

115 833 149 896 in
171 833 319 896 medium
341 852 426 915 quae
449 852 565 895 omnes
586 832 759 895 sentimus.
811 830 897 913 Quis
917 830 1006 893 enim
1027 831 1158 911 ignorat
1195 851 1208 884 2

115 951 148 1006 et
167 940 391 1024 eloquentiam
409 949 442 1004 et
460 950 590 1004 ceteras
609 949 699 1003 artes
717 939 899 1003 descivisse
915 940 957 1002 ab
975 938 1029 1001 illa
1045 947 1159 1000 vetere

115 1049 229 1132 gloria,
253 1071 321 1112 non
346 1049 459 1130 inopia
480 1048 661 1122 hominum,
684 1049 743 1110 sed
767 1047 894 1110 desidia
919 1045 1103 1109 iuventutis
1126 1054 1160 1108 et

116 1157 332 1241 neglegentia
353 1166 531 1239 parentum
558 1165 590 1218 et
618 1155 796 1219 inscientia
821 1154 1097 1237 praecipientium
1127 1162 1161 1216 et

116 1266 283 1329 oblivione
308 1265 410 1328 moris
430 1264 580 1347 antiqui?
631 1264 726 1346 Quae
749 1264 835 1325 mala
857 1263 999 1344 primum
1023 1262 1056 1325 in
1079 1263 1162 1324 urbe
1196 1283 1211 1333 3

116 1383 204 1450 nata,
223 1394 301 1437 mox
322 1394 381 1455 per
404 1372 535 1435 Italiam
557 1373 643 1447 fusa,
663 1372 727 1434 iam
750 1371 783 1433 in
805 1371 990 1452 provincias
1014 1380 1160 1434 manant.

20 1532 23 1539 .
119 1483 329 1565 Quamquam
346 1490 459 1543 vestra
474 1480 569 1543 vobis
594 1480 724 1542 notiora
749 1490 850 1543 sunt:
875 1500 938 1561 ego
962 1481 1004 1542 de
1024 1479 1105 1541 urbe
1128 1487 1161 1541 et
1196 1501 1212 1546 4

117 1590 170 1654 his
202 1589 345 1672 propriis
377 1609 416 1652 ac
447 1588 634 1652 vernaculis
666 1587 757 1650 vitiis
789 1588 913 1670 loquar,
948 1608 1032 1670 quae
1065 1597 1162 1650 natos

118 1698 232 1761 statim
256 1697 426 1779 excipiunt
450 1706 483 1759 et
505 1717 564 1778 per
587 1696 737 1778 singulos
759 1695 879 1758 aetatis
904 1697 1027 1777 gradus
1053 1717 1163 1758 cumu-

118 1806 238 1882 lantur,
270 1805 299 1868 si
327 1804 418 1887 prius
451 1805 492 1867 de
524 1805 703 1867 severitate
730 1824 768 1867 ac
797 1803 973 1885 disciplina
1001 1804 1162 1866 maiorum

119 1914 207 1978 circa
219 1914 410 1977 educandos
424 1913 684 2004 formandosque
697 1911 820 1975 liberos
837 1932 942 1994 pauca
958 1913 1161 1994 praedixero.

121 2023 207 2084 Nam
230 2022 358 2103 pridem
380 2041 460 2084 suus
477 2020 597 2103 cuique
614 2020 711 2094 filius,
732 2041 771 2082 ex
788 2030 880 2082 casta
897 2029 1035 2101 parente
1052 2030 1161 2096 natus,
1201 2041 1213 2092 5

119 2150 186 2192 non
215 2129 250 2192 in
278 2129 363 2192 cella
388 2139 520 2211 emptae
546 2128 696 2204 nutricis,
725 2128 785 2190 sed
809 2127 843 2189 in
870 2128 997 2210 gremio
1022 2150 1061 2191 ac
1090 2129 1164 2191 sinu

119 2238 236 2301 matris
268 2238 482 2312 educabatur,
517 2237 611 2300 cuius
651 2236 829 2318 praecipua
868 2236 940 2298 laus
977 2246 1046 2299 erat
1079 2237 1166 2299 tueri

119 2347 254 2408 domum
287 2354 320 2409 et
361 2344 523 2408 inservire
563 2344 701 2421 liberis;
743 2353 799 2407 aut
836 2345 1022 2426 eligebatur
1042 2345 1165 2408 maior
1199 2361 1216 2409 6

152 2502 197 2561 28.
216 2513 275 2564 aut,
288 2512 347 2563 aut,
357 2504 420 2552 vel:
439 2504 483 2552 the
497 2503 619 2568 conjunc·

120 2571 189 2619 tions
212 2578 271 2628 aut,
292 2578 342 2620 aut
365 2585 409 2618 are
430 2569 567 2634 employed
590 2577 618 2618 to

119 2636 275 2700 distinguish
294 2636 430 2685 Maternus
452 2636 506 2698 (the
524 2651 618 2699 person

119 2701 270 2762 addressed)
300 2702 369 2750 from
400 2701 536 2751 Secundus
566 2701 618 2750 and

120 2770 191 2832 Aper
210 2769 278 2831 (who
296 2784 340 2817 are
356 2769 408 2817 less
425 2768 533 2833 directly
543 2769 619 2818 inter-

119 2834 214 2896 ested);
232 2835 279 2883 vel
290 2843 414 2884 connects
425 2835 558 2885 Secundo
566 2834 618 2883 and

120 2902 332 2965 Apro-etiarn
343 2902 383 2951 si:
402 2903 500 2966 closely
507 2900 618 2965 depend-

119 2977 163 3016 ent
176 2984 246 3031 upon
258 2982 312 3017 nec
331 2969 455 3032 ignotas.

152 3049 176 3083 2.
196 3036 617 3100 praecipientium=praecepta

119 3118 186 3160 rum,
205 3103 230 3150 in
249 3102 407 3151 accordance
425 3102 486 3150 with
505 3103 550 3151 the
569 3103 617 3150 fre·

119 3177 199 3232 quent
222 3171 430 3232 post-Augustan
452 3185 498 3218 use
521 3169 550 3217 ol
573 3169 617 3217 the

118 3236 252 3299 participle
278 3251 342 3284 asa
364 3251 436 3284 noun
460 3235 489 3284 of
512 3251 616 3300 agency.

119 3302 184 3351 This
202 3317 282 3365 usage
302 3303 325 3351 is
343 3302 480 3367 especially
497 3301 617 3366 frequent

119 3369 210 3426 where,
234 3384 263 3418 as
287 3369 356 3426 here,
380 3369 424 3418 the
449 3385 495 3417 use
518 3369 547 3416 oi
573 3369 617 3417 the

118 3435 262 3498 participial
274 3434 342 3484 form
354 3434 446 3484 avoids
461 3434 617 3500 ambiguity:

120 3508 313 3566 praeceptorum
332 3501 414 3564 might
438 3501 470 3550 be
494 3501 539 3549 the
559 3517 618 3564 gen·

118 3567 180 3617 itive
203 3568 233 3616 of
249 3575 393 3631 praecepta,
413 3583 442 3617 as
461 3567 518 3616 well
540 3583 568 3616 as
589 3567 618 3615 of

120 3641 300 3699 praeceptores.
577 3667 583 3682 .

152 3716 176 3762 4.
200 3708 311 3749 vestra:
341 3701 400 3750 ‘the
430 3700 564 3749 condition
589 3700 619 3748 of

120 3767 207 3815 affairs
222 3767 248 3814 in
265 3782 332 3832 your
343 3783 401 3816 own
417 3767 557 3831 province,’
570 3767 617 3815 viz.

120 3833 195 3883 Gaul.
224 3833 367 3894 Matemus‚
378 3834 450 3899 Aper
458 3832 511 3882 and
524 3834 619 3882 Secun-

670 2503 718 2552 dus
742 2519 808 2552 were
831 2504 957 2568 probably
977 2505 1011 2552 all
1034 2505 1063 2553 of
1083 2507 1166 2555 Gallie

669 2570 760 2632 origin.
796 2570 846 2618 See
859 2570 922 2618 intr.
934 2587 959 2633 p.
971 2587 1005 2618 xx
1017 2571 1165 2622 ff.-urbe:

669 2637 707 2684 ie.
723 2638 813 2684 Rama.
823 2638 911 2685 -his
921 2658 953 2678 =
962 2639 1057 2685 uostris
1062 2654 1073 2695 ;
1098 2638 1129 2686 ci.
1142 2652 1164 2700 7.

669 2716 685 2763 4
705 2703 747 2751 hic
769 2704 897 2750 tunicatus
914 2705 1165 2769 papulus-prius

669 2769 855 2833 praedixero:
873 2770 1017 2832 pleonastic
1035 2771 1087 2820 like
1102 2771 1138 2819 18.
1152 2786 1165 2819 2

668 2843 727 2883 aute
743 2837 1108 2897 praedixere-severitate
1133 2852 1166 2887 ac

668 2903 840 2966 disciplina:
863 2902 1007 2968 hendiadys
1022 2904 1064 2952 for
1079 2907 1167 2952 severi-

630 2983 632 2988 ·
668 2975 717 3016 tata
725 2970 881 3031 disciplinae,
890 2970 934 3018 the
944 2972 1093 3033 expression
1103 2971 1167 3019 used

668 3043 694 3084 at
703 3036 747 3084 the
757 3036 827 3085 close
836 3036 865 3083 oi
879 3036 985 3099 chapter
994 3038 1165 3099 29.—circa‚

668 3103 729 3150 with
748 3110 888 3164 respectio,
907 3119 936 3151 as
954 3103 980 3150 in
999 3117 1037 3150 22.
1051 3118 1073 3163 4.
1109 3104 1166 3151 The

668 3168 808 3231 gerundive
827 3170 1005 3218 construction
1021 3169 1082 3217 with
1100 3171 1167 3216 circa

668 3235 690 3284 is
705 3251 766 3284 rare.

701 3317 725 3364 5.
744 3303 865 3366 pridem,
871 3304 1044 3366 formerly.—-
1052 3311 1166 3366 emptae

669 3371 804 3424 nutricis:
831 3371 908 3417 hired
928 3377 977 3417 wat
1000 3369 1167 3417 marsa—in

669 3437 780 3497 gremio
793 3450 826 3484 ac
840 3439 923 3485 sinu:
936 3435 968 3484 ci.
982 3438 1045 3498 Agr.
1058 3449 1073 3495 4
1086 3442 1168 3483 mater

668 3503 739 3550 Iulia
750 3504 862 3551 Procilla
866 3504 931 3566 suit,
945 3519 1021 3550 rarae
1029 3503 1167 3550 castitatis:

669 3570 697 3616 in
714 3569 793 3617 huius
809 3571 869 3616 sinu
887 3570 1095 3632 indulgentiaque
1111 3569 1168 3617 edu-

668 3643 745 3683 catus.
758 3636 877 3684 -tueri
901 3637 1039 3684 domum:
1066 3634 1098 3683 cf.
1123 3634 1168 3682 the

669 3702 860 3750 characteristic
872 3700 976 3764 epitaph
990 3700 1019 3749 oi
1033 3716 1049 3748 a
1064 3702 1168 3748 Roman

669 3775 780 3827 matron,
806 3769 908 3822 domum
935 3768 1054 3822 servavit,
1079 3768 1167 3814 lunam

668 3834 740 3898 strati

765 3949 800 3961 κ,
