2648 4214
111 280 146 333 70
469 278 699 326 P.CORNEL11
724 279 853 326 TACITI
1097 279 1100 287 ’
1124 270 1171 357 [si
1185 291 1221 353 εχ

164 467 238 508 cum
267 447 466 521 acciderent,
494 446 667 528 ingentem
696 447 906 528 eloquentiae
933 448 1107 510 materiam
1133 450 1208 511 sub-

113 560 129 608 6
164 552 407 616 ministrabant.
458 553 587 618 Crescit
602 554 690 617 enim
708 576 783 617 cum
801 555 1020 636 amplitudine
1037 575 1147 618 rerum
1158 556 1208 619 vis

163 661 298 744 ingenii,
323 682 385 725 nec
411 662 586 744 quisquam
616 663 737 725 claram
765 672 798 725 et
825 663 1000 725 inlustrem
1023 663 1208 727 orationem

114 757 127 842 i
164 773 295 835 efficere
320 780 431 852 potest
457 770 521 832 nisi
550 771 607 853 qui
634 791 766 834 causam
792 791 904 853 parem
931 771 1068 836 invenit.
1119 773 1207 847 Non,

164 882 289 963 opinor,
310 875 575 943 Demosthenem
593 880 760 942 orationes
785 880 965 942 inlustrant
990 902 1072 962 quas
1097 882 1210 943 adver-

165 1011 222 1053 sus
246 1000 376 1053 tutores
403 1011 480 1053 suos
510 991 706 1071 composuit,
735 1011 797 1054 nec
827 991 1023 1053 Ciceronem
1050 1011 1208 1072 magnum

164 1109 327 1162 oratorem
355 1099 388 1162 P.
414 1099 593 1181 Quinctius
620 1099 779 1162 defensus
805 1108 861 1161 aut
889 1099 1039 1162 Licinius
1064 1098 1210 1163 Archias

164 1207 307 1270 iaciunt:
333 1207 479 1270 Catilina
504 1217 537 1269 et
564 1208 646 1269 Milo
672 1217 704 1269 et
722 1207 847 1270 Verres
870 1216 903 1269 et
925 1207 1097 1269 Antonius
1122 1208 1209 1272 hanc

115 1323 130 1371 8
166 1315 212 1377 illi
239 1315 362 1377 famam
389 1315 696 1391 circumdederunt;
729 1336 795 1377 non
818 1315 896 1397 quia
921 1315 1008 1396 tanti
1033 1315 1135 1406 fuerit
1162 1316 1210 1378 rei

165 1423 316 1505 publicae
345 1423 450 1485 malos
479 1423 567 1485 ferre
599 1423 688 1486 cives
721 1433 757 1485 ut
791 1424 927 1485 uberem
961 1424 1002 1485 ad
1030 1424 1209 1486 dicendum

165 1531 338 1611 materiam
356 1540 504 1593 oratores
530 1530 701 1606 haberent,
721 1532 789 1605 sed,
809 1540 845 1593 ut
871 1531 1012 1594 subinde
1037 1532 1209 1607 admoneo,

165 1639 371 1722 quaestionis
388 1639 638 1702 meminerimus
656 1639 866 1720 sciamusque
880 1659 940 1702 nos
954 1640 996 1701 de
1013 1659 1052 1701 ea
1069 1659 1103 1701 re
1120 1638 1211 1722 loqui

166 1768 249 1831 quae
272 1747 402 1810 facilius
427 1747 569 1809 turbidis
595 1757 629 1809 et
654 1747 812 1828 inquietis
834 1747 1042 1829 temporibus
1068 1748 1209 1811 exsistit.

116 1878 132 1926 9
168 1856 253 1938 Quis
267 1857 396 1938 ignorat
411 1855 526 1918 utilius
543 1876 581 1918 ac
599 1855 717 1918 melius
735 1875 809 1917 esse
826 1855 891 1917 frui
909 1875 991 1936 pace
1007 1876 1106 1938 quam
1124 1856 1211 1918 bello

165 1964 299 2026 vexari?
349 1964 463 2025 Plures
488 1973 601 2025 tamen
626 1964 732 2025 bonos
757 1961 976 2044 proeliatores
1001 1963 1088 2026 bella
1111 1984 1211 2046 quam

120 2094 148 2127 ιο
166 2057 228 2153 pax
256 2072 379 2135 ierunt.
430 2071 556 2134 Similis
586 2070 796 2153 eloquentiae
823 2071 983 2134 condicio.
1033 2071 1120 2133 Nam
1146 2093 1212 2153 quo

166 2180 298 2261 saepius
319 2179 450 2242 steterit
471 2188 640 2261 tamquam
662 2179 695 2241 in
716 2179 795 2254 acie,
814 2200 946 2261 quoque
969 2179 1081 2261 plures
1106 2189 1141 2241 et
1165 2179 1213 2241 in-

166 2287 279 2350 tulerit
305 2287 392 2349 ictus
419 2296 451 2348 et
479 2285 657 2367 exceperit,
679 2308 812 2369 quoque
837 2287 979 2349 maiores
1006 2286 1212 2349 adversarios

166 2395 377 2476 acrioresque
402 2415 531 2475 pugnas
557 2394 620 2456 sibi
646 2394 718 2475 ipsa
742 2394 975 2474 desumpserit,
996 2387 1091 2455 tanto
1109 2393 1214 2456 ¹altior

167 2511 199 2563 et
234 2502 395 2588 excelsior
428 2511 460 2563 et
493 2502 557 2563 illis
591 2502 767 2563 nobilitata
801 2501 1049 2563 discriminibus
1084 2501 1119 2562 in
1154 2520 1212 2563 ore

199 2690 223 2738 7.
242 2683 351 2724 tutores
367 2689 448 2724 suos:
461 2674 662 2730 Demosthenes,

166 2742 240 2789 when
265 2741 297 2789 he
323 2757 395 2789 came
419 2741 448 2788 of
472 2756 526 2803 age,
551 2741 663 2803 brought

166 2809 217 2857 suit
235 2808 335 2869 against
353 2806 394 2855 his
412 2807 551 2869 guardians
570 2823 604 2855 on
620 2808 663 2855 the

714 2676 755 2722 iiie
761 2681 873 2735 purpose
884 2675 1105 2736 osprovidingtiee
1114 2681 1212 2721 orators

714 2742 776 2788 witi
798 2741 890 2803 fertile
917 2741 1010 2787 themes
1030 2741 1080 2803 sor
1103 2742 1229 2802 oratory.¹

716 2808 768 2855 For
794 2807 838 2854 the
867 2805 951 2870 suij.
978 2822 1021 2854 see
1044 2819 1067 2868 9.
1088 2818 1211 2865 4n.'non

165 2874 267 2937 ground
281 2875 337 2922 that
350 2874 410 2938 they
423 2874 475 2921 had
489 2873 667 2938 fraudulently'

166 2940 350 2989 administered
363 2941 407 2988 the
419 2948 542 3005 property
551 2941 598 2988 leit
611 2940 663 2987 him

166 3006 200 3071 by
208 3008 247 3056 his
254 3008 347 3055 father.
365 3007 665 3071 Afteralengthylitiga-

166 3075 222 3122 tion
232 3075 264 3122 he
277 3075 364 3138 finally
373 3074 528 3122 abandoned
541 3075 584 3122 the
597 3089 662 3121 case.

164 3143 244 3188 -P.
270 3142 422 3204 Quinctius
452 3141 599 3199 defensus,
623 3141 664 3187 tte

166 3209 264 3270 defense
285 3209 315 3271 os
329 3210 358 3255 P.
380 3209 520 3267 Quinctius.
556 3207 621 3255 This
641 3206 663 3254 is

167 3274 211 3321 the
224 3275 325 3322 earliest
338 3274 367 3322 of
384 3275 427 3322 the
446 3282 534 3322 extant
548 3274 663 3321 orations

167 3339 196 3387 of
214 3341 313 3397 Cicero,
327 3340 456 3388 delivered
469 3340 542 3388 when
560 3341 593 3388 he
611 3355 663 3388 was

167 3407 228 3470 only
246 3407 399 3471 twenty-five
418 3423 490 3472 years
510 3407 561 3454 old.
598 3406 662 3453 Like

168 3473 211 3520 the
235 3474 336 3521 oration
359 3473 401 3521 for
423 3473 540 3530 Archias,
561 3473 581 3520 it
604 3487 663 3520 con·

167 3539 261 3586 cerned
285 3541 346 3605 only
368 3539 467 3602 private
491 3539 617 3586 interests.

200 3609 224 3654 8.
243 3621 300 3654 non
318 3606 385 3668 quia
405 3605 476 3654 tanti
495 3605 588 3662 tuerit,
606 3612 661 3659 ete,

168 3680 211 3718 not
221 3674 277 3720 thot
287 3676 309 3720 it
319 3689 371 3720 was
383 3673 462 3719 wortli
477 3672 553 3717 tollite
562 3672 611 3732 sor
623 3670 663 3716 tlte

168 3741 235 3786 State
258 3747 281 3787 to
298 3740 411 3800 produce
431 3737 481 3784 bod
500 3738 599 3784 citizens
614 3737 664 3799 sor

715 2876 775 2937 quin
798 2879 994 2934 poetrica-ut
1018 2872 1139 2921 subinde
1164 2872 1212 2921 ad·

716 2954 833 2988 moneo:
852 2955 881 2988 as
899 2956 941 3002 eg.
960 2947 986 2986 at
1008 2939 1052 2986 the
1072 2938 1213 3000 beginning

715 3007 743 3053 ol
755 3007 863 3068 chapter
875 3005 1015 3069 36.—sed
1033 3005 1212 3068 quaestionis

714 3073 941 3130 meminerimus,
955 3073 999 3119 bot
1014 3073 1048 3120 let
1062 3089 1093 3118 us
1109 3087 1212 3119 rentem·

714 3141 756 3186 ber
767 3140 808 3186 tlte
815 3141 890 3200 point
896 3154 907 3196 ,¹
926 3138 1063 3186 transition
1075 3146 1103 3186 to
1119 3152 1135 3185 a
1146 3137 1213 3201 prin-

714 3206 779 3268 cipal
793 3206 880 3253 clause
898 3204 1000 3253 instead
1017 3204 1046 3252 of
1063 3204 1107 3252 the
1125 3203 1213 3252 antici·

713 3272 792 3335 pated
814 3273 859 3319 sed
879 3273 907 3319 de
929 3288 957 3319 ea
982 3288 1009 3319 re
1031 3272 1213 3333 loquimur.—

715 3339 908 3400 sciamusque,
921 3339 977 3385 osiel
991 3339 1070 3386 letus
1086 3339 1214 3398 recognize

713 3407 754 3452 tlte
763 3406 827 3468 stret.

746 3486 770 3530 9.
795 3471 1000 3533 proeliatores:
1040 3470 1066 3517 in
1103 3469 1212 3518 Tacitus

712 3537 797 3584 found
806 3538 867 3601 only
877 3538 937 3584 here
947 3537 998 3584 and
1010 3537 1036 3584 in
1044 3537 1115 3583 Ann.
1125 3536 1161 3583 II.
1172 3550 1212 3600 73.

748 3617 786 3650 ro.
807 3603 927 3662 steterit,
946 3603 1080 3660 intulerit,
1098 3609 1158 3650 etc:
1176 3618 1212 3650 sc.

713 3670 853 3732 eloquentia
869 3669 1033 3732 personified.
1042 3682 1197 3731 -quoque
1207 3685 1212 3714 ε

713 3738 750 3783 ie.
769 3742 866 3802 atquo.
879 3736 953 3784 -in
982 3749 1031 3784 ore
1060 3734 1213 3784 hominum
