<?xml version="1.0" encoding="UTF-8"?>
<!DOCTYPE html PUBLIC "-//W3C//DTD XHTML 1.0 Transitional//EN"
    "http://www.w3.org/TR/xhtml1/DTD/xhtml1-transitional.dtd">
<html xmlns="http://www.w3.org/1999/xhtml" xml:lang="en" lang="en">
 <head>
  <title>
</title>
<meta http-equiv="Content-Type" content="text/html;charset=utf-8" />
  <meta name='ocr-system' content='tesseract 3.04.00' />
  <meta name='ocr-capabilities' content='ocr_page ocr_carea ocr_par ocr_line ocrx_word'/>
</head>
<body>
  <div class='ocr_page' id='page_1' title='image "./dialogvsdeorato01benngoog_0040.png"; bbox 0 0 2648 4214; ppageno 0'>
   <div class='ocr_carea' id='block_1_1' title="bbox 114 301 939 360">
    <p class='ocr_par' dir='ltr' id='par_1_1' title="bbox 114 301 939 360">
     <span class='ocr_line' id='line_1_1' title="bbox 114 301 939 360; baseline -0.006 -8"><span class='ocrx_word' id='word_1_1' title='bbox 114 308 136 352; x_wconf 81' lang='lat' dir='ltr'>t.</span> <span class='ocrx_word' id='word_1_2' title='bbox 148 301 173 360; x_wconf 84' lang='lat'>4]</span> <span class='ocrx_word' id='word_1_3' title='bbox 409 301 598 349; x_wconf 84' lang='lat' dir='ltr'>DIALOGVS</span> <span class='ocrx_word' id='word_1_4' title='bbox 620 303 670 349; x_wconf 90' lang='lat' dir='ltr'>DE</span> <span class='ocrx_word' id='word_1_5' title='bbox 693 303 939 351; x_wconf 87' lang='lat' dir='ltr'><strong>ORATORIBVS.</strong></span> 
     </span>
    </p>
   </div>
   <div class='ocr_carea' id='block_1_2' title="bbox 114 457 1241 2279">
    <p class='ocr_par' dir='ltr' id='par_1_2' title="bbox 114 457 1213 1092">
     <span class='ocr_line' id='line_1_2' title="bbox 116 457 1165 552; baseline 0.002 -21"><span class='ocrx_word' id='word_1_6' title='bbox 116 468 333 532; x_wconf 82' lang='lat' dir='ltr'>manifestum</span> <span class='ocrx_word' id='word_1_7' title='bbox 356 469 568 532; x_wconf 85' lang='lat' dir='ltr'>estalteram</span> <span class='ocrx_word' id='word_1_8' title='bbox 594 470 681 551; x_wconf 88' lang='lat' dir='ltr'>apud</span> <span class='ocrx_word' id='word_1_9' title='bbox 706 457 773 551; x_wconf 53' lang='lat' dir='ltr'>eo&#39;s¹</span> <span class='ocrx_word' id='word_1_10' title='bbox 789 479 917 551; x_wconf 88' lang='lat' dir='ltr'>partem</span> <span class='ocrx_word' id='word_1_11' title='bbox 944 471 1050 552; x_wconf 88' lang='lat' dir='ltr'>gratia</span> <span class='ocrx_word' id='word_1_12' title='bbox 1074 492 1165 551; x_wconf 89' lang='lat' dir='ltr'>prae·</span> 
     </span>
     <span class='ocr_line' id='line_1_3' title="bbox 115 576 1213 658; baseline -0.005 -19"><span class='ocrx_word' id='word_1_13' title='bbox 115 576 235 641; x_wconf 88' lang='lat' dir='ltr'>valere.</span> <span class='ocrx_word' id='word_1_14' title='bbox 287 577 372 658; x_wconf 83' lang='lat' dir='ltr'>Quis</span> <span class='ocrx_word' id='word_1_15' title='bbox 389 576 478 639; x_wconf 90' lang='lat' dir='ltr'>enirn</span> <span class='ocrx_word' id='word_1_16' title='bbox 496 577 604 638; x_wconf 90' lang='lat' dir='ltr'>nescit</span> <span class='ocrx_word' id='word_1_17' title='bbox 623 577 791 639; x_wconf 91' lang='lat' dir='ltr'>neminem</span> <span class='ocrx_word' id='word_1_18' title='bbox 805 578 886 639; x_wconf 91' lang='lat' dir='ltr'>mihi</span> <span class='ocrx_word' id='word_1_19' title='bbox 900 578 1163 641; x_wconf 91' lang='lat' dir='ltr'>coniunctiorem</span> <span class='ocrx_word' id='word_1_20' title='bbox 1200 601 1213 634; x_wconf 93' lang='lat'><strong>2</strong></span> 
     </span>
     <span class='ocr_line' id='line_1_4' title="bbox 116 665 1163 775; baseline 0 -27"><span class='ocrx_word' id='word_1_21' title='bbox 116 692 192 748; x_wconf 90' lang='lat' dir='ltr'>ess&#39;e</span> <span class='ocrx_word' id='word_1_22' title='bbox 215 695 249 747; x_wconf 91' lang='lat' dir='ltr'>et</span> <span class='ocrx_word' id='word_1_23' title='bbox 274 705 335 775; x_wconf 83' lang='lat' dir='ltr'>usu</span> <span class='ocrx_word' id='word_1_24' title='bbox 359 684 524 748; x_wconf 83' lang='lat' dir='ltr'>amicitiae</span> <span class='ocrx_word' id='word_1_25' title='bbox 548 694 581 747; x_wconf 91' lang='lat' dir='ltr'>et</span> <span class='ocrx_word' id='word_1_26' title='bbox 604 685 806 748; x_wconf 81' lang='lat' dir='ltr'>adsiduitate</span> <span class='ocrx_word' id='word_1_27' title='bbox 829 665 1039 749; x_wconf 79' lang='lat' dir='ltr'>contubernii</span> <span class='ocrx_word' id='word_1_28' title='bbox 1064 708 1163 769; x_wconf 89' lang='lat' dir='ltr'>quam</span> 
     </span>
     <span class='ocr_line' id='line_1_5' title="bbox 116 777 1164 875; baseline -0.001 -18"><span class='ocrx_word' id='word_1_29' title='bbox 116 793 265 857; x_wconf 87' lang='lat' dir='ltr'>Saleium</span> <span class='ocrx_word' id='word_1_30' title='bbox 284 794 434 869; x_wconf 91' lang='lat' dir='ltr'>Bassum,</span> <span class='ocrx_word' id='word_1_31' title='bbox 454 777 529 857; x_wconf 90' lang='lat' dir='ltr'>cum</span> <span class='ocrx_word' id='word_1_32' title='bbox 547 794 709 875; x_wconf 92' lang='lat' dir='ltr'>optimum</span> <span class='ocrx_word' id='word_1_33' title='bbox 728 794 833 856; x_wconf 92' lang='lat' dir='ltr'>virum</span> <span class='ocrx_word' id='word_1_34' title='bbox 860 802 931 855; x_wconf 90' lang='lat' dir='ltr'>tum</span> <span class='ocrx_word' id='word_1_35' title='bbox 956 793 1164 856; x_wconf 78' lang='lat' dir='ltr'>&#39;absolutissi-</span> 
     </span>
     <span class='ocr_line' id='line_1_6' title="bbox 115 902 1163 987; baseline 0 -23"><span class='ocrx_word' id='word_1_36' title='bbox 115 924 206 964; x_wconf 94' lang='lat' dir='ltr'>mum</span> <span class='ocrx_word' id='word_1_37' title='bbox 225 902 381 983; x_wconf 88' lang='lat' dir='ltr'>poetam?</span> <span class='ocrx_word' id='word_1_38' title='bbox 432 903 532 964; x_wconf 91' lang='lat' dir='ltr'>Porro</span> <span class='ocrx_word' id='word_1_39' title='bbox 558 902 585 964; x_wconf 97' lang='lat' dir='ltr'>si</span> <span class='ocrx_word' id='word_1_40' title='bbox 609 902 743 987; x_wconf 89' lang='lat' dir='ltr'>poetica</span> <span class='ocrx_word' id='word_1_41' title='bbox 767 910 951 976; x_wconf 89' lang='lat' dir='ltr'>accusatur,</span> <span class='ocrx_word' id='word_1_42' title='bbox 971 922 1038 962; x_wconf 93' lang='lat' dir='ltr'>non</span> <span class='ocrx_word' id='word_1_43' title='bbox 1063 902 1163 964; x_wconf 89' lang='lat' dir='ltr'>alium</span> 
     </span>
     <span class='ocr_line' id='line_1_7' title="bbox 114 1008 614 1092; baseline 0.002 -20"><span class='ocrx_word' id='word_1_44' title='bbox 114 1009 212 1072; x_wconf 90' lang='lat' dir='ltr'>video</span> <span class='ocrx_word' id='word_1_45' title='bbox 230 1030 323 1073; x_wconf 90' lang='lat' dir='ltr'>reum</span> <span class='ocrx_word' id='word_1_46' title='bbox 341 1008 614 1092; x_wconf 85' lang='lat' dir='ltr'>locupletiorem’</span> 
     </span>
    </p>

    <p class='ocr_par' dir='ltr' id='par_1_3' title="bbox 116 1117 1241 2279">
     <span class='ocr_line' id='line_1_8' title="bbox 164 1117 1213 1201; baseline 0 -20"><span class='ocrx_word' id='word_1_47' title='bbox 164 1117 409 1201; x_wconf 62' lang='lat' dir='ltr'>‘Securusq‘t’</span> <span class='ocrx_word' id='word_1_48' title='bbox 428 1119 536 1200; x_wconf 88' lang='lat' dir='ltr'>inquit</span> <span class='ocrx_word' id='word_1_49' title='bbox 555 1119 676 1200; x_wconf 84' lang='lat' dir='ltr'>Aper‘</span> <span class='ocrx_word' id='word_1_50' title='bbox 688 1128 720 1181; x_wconf 88' lang='lat' dir='ltr'>et</span> <span class='ocrx_word' id='word_1_51' title='bbox 708 1119 870 1182; x_wconf 76' lang='lat' dir='ltr'>Saleius</span> <span class='ocrx_word' id='word_1_52' title='bbox 889 1120 1012 1181; x_wconf 89' lang='lat' dir='ltr'>Bassus</span> <span class='ocrx_word' id='word_1_53' title='bbox 1031 1128 1064 1181; x_wconf 89' lang='lat' dir='ltr'>ct</span> <span class='ocrx_word' id='word_1_54' title='bbox 1077 1139 1163 1200; x_wconf 81' lang='lat' dir='ltr'>quis</span> <span class='ocrx_word' id='word_1_55' title='bbox 1199 1143 1213 1191; x_wconf 84' lang='lat'>3</span> 
     </span>
     <span class='ocr_line' id='line_1_9' title="bbox 116 1226 1163 1328; baseline 0.001 -40"><span class='ocrx_word' id='word_1_56' title='bbox 116 1226 190 1309; x_wconf 92' lang='lat' dir='ltr'>quis</span> <span class='ocrx_word' id='word_1_57' title='bbox 207 1226 292 1289; x_wconf 94' lang='lat' dir='ltr'>alius</span> <span class='ocrx_word' id='word_1_58' title='bbox 310 1226 457 1328; x_wconf 89' lang='lat' dir='ltr'>studium</span> <span class='ocrx_word' id='word_1_59' title='bbox 475 1235 552 1323; x_wconf 81' lang='lat' dir='ltr'>poet</span> <span class='ocrx_word' id='word_1_60' title='bbox 556 1226 626 1289; x_wconf 92' lang='lat' dir='ltr'>icae</span> <span class='ocrx_word' id='word_1_61' title='bbox 644 1236 677 1288; x_wconf 92' lang='lat' dir='ltr'>et</span> <span class='ocrx_word' id='word_1_62' title='bbox 695 1227 878 1290; x_wconf 88' lang='lat' dir='ltr'>carminum</span> <span class='ocrx_word' id='word_1_63' title='bbox 896 1227 1035 1308; x_wconf 62' lang='lat' dir='ltr'>gloriam</span> <span class='ocrx_word' id='word_1_64' title='bbox 1060 1228 1163 1302; x_wconf 83' lang='lat' dir='ltr'>fovet,</span> 
     </span>
     <span class='ocr_line' id='line_1_10' title="bbox 116 1334 1164 1416; baseline -0.001 -19"><span class='ocrx_word' id='word_1_65' title='bbox 116 1355 193 1397; x_wconf 93' lang='lat' dir='ltr'>cum</span> <span class='ocrx_word' id='word_1_66' title='bbox 222 1354 339 1397; x_wconf 89' lang='lat' dir='ltr'>causas</span> <span class='ocrx_word' id='word_1_67' title='bbox 368 1354 468 1416; x_wconf 87' lang='lat' dir='ltr'>agere</span> <span class='ocrx_word' id='word_1_68' title='bbox 497 1355 564 1396; x_wconf 92' lang='lat' dir='ltr'>non</span> <span class='ocrx_word' id='word_1_69' title='bbox 593 1334 708 1416; x_wconf 88' lang='lat' dir='ltr'>possit.</span> <span class='ocrx_word' id='word_1_70' title='bbox 771 1335 845 1416; x_wconf 87' lang='lat' dir='ltr'>Ego</span> <span class='ocrx_word' id='word_1_71' title='bbox 872 1334 970 1409; x_wconf 88' lang='lat' dir='ltr'>enim,</span> <span class='ocrx_word' id='word_1_72' title='bbox 999 1344 1164 1416; x_wconf 88' lang='lat' dir='ltr'>quatenus</span> 
     </span>
     <span class='ocr_line' id='line_1_11' title="bbox 116 1441 1178 1528; baseline -0.002 -23"><span class='ocrx_word' id='word_1_73' title='bbox 116 1442 277 1528; x_wconf 86' lang='lat' dir='ltr'>arbitrum</span> <span class='ocrx_word' id='word_1_74' title='bbox 300 1441 368 1504; x_wconf 89' lang='lat' dir='ltr'>litis</span> <span class='ocrx_word' id='word_1_75' title='bbox 389 1441 489 1503; x_wconf 94' lang='lat' dir='ltr'>huius</span> <span class='ocrx_word' id='word_1_76' title='bbox 515 1463 582 1503; x_wconf 92' lang='lat' dir='ltr'>non</span> <span class='ocrx_word' id='word_1_77' title='bbox 608 1442 730 1517; x_wconf 80' lang='lat' dir='ltr'>inveni,</span> <span class='ocrx_word' id='word_1_78' title='bbox 750 1463 817 1521; x_wconf 86' lang='lat' dir='ltr'>non</span> <span class='ocrx_word' id='word_1_79' title='bbox 842 1441 949 1523; x_wconf 89' lang='lat' dir='ltr'>patiar</span> <span class='ocrx_word' id='word_1_80' title='bbox 972 1443 1043 1504; x_wconf 88' lang='lat' dir='ltr'>Mat</span> <span class='ocrx_word' id='word_1_81' title='bbox 1031 1452 1178 1504; x_wconf 91' lang='lat' dir='ltr'>t.ernum</span> 
     </span>
     <span class='ocr_line' id='line_1_12' title="bbox 117 1505 1234 1635; baseline 0.004 -23"><span class='ocrx_word' id='word_1_82' title='bbox 117 1505 280 1613; x_wconf 86' lang='lat' dir='ltr'>societate</span> <span class='ocrx_word' id='word_1_83' title='bbox 305 1549 449 1631; x_wconf 92' lang='lat' dir='ltr'>plurium</span> <span class='ocrx_word' id='word_1_84' title='bbox 475 1549 619 1635; x_wconf 79' lang='lat' dir='ltr'>defendi,</span> <span class='ocrx_word' id='word_1_85' title='bbox 639 1551 697 1612; x_wconf 90' lang='lat' dir='ltr'>sed</span> <span class='ocrx_word' id='word_1_86' title='bbox 722 1550 832 1631; x_wconf 92' lang='lat' dir='ltr'>ipsum</span> <span class='ocrx_word' id='word_1_87' title='bbox 858 1549 964 1612; x_wconf 95' lang='lat' dir='ltr'>solum</span> <span class='ocrx_word' id='word_1_88' title='bbox 990 1551 1077 1630; x_wconf 90' lang='lat' dir='ltr'>apud</span> <span class='ocrx_word' id='word_1_89' title='bbox 1102 1571 1164 1613; x_wconf 89' lang='lat' dir='ltr'>nos</span> <span class='ocrx_word' id='word_1_90' title='bbox 1199 1549 1234 1618; x_wconf 65' lang='grc'>4’</span> 
     </span>
     <span class='ocr_line' id='line_1_13' title="bbox 116 1642 1201 1747; baseline -0.001 -27"><span class='ocrx_word' id='word_1_91' title='bbox 116 1679 263 1747; x_wconf 85' lang='lat' dir='ltr'>arguam,</span> <span class='ocrx_word' id='word_1_92' title='bbox 279 1642 368 1740; x_wconf 86' lang='lat' dir='ltr'>quod</span> <span class='ocrx_word' id='word_1_93' title='bbox 381 1667 480 1720; x_wconf 88' lang='lat' dir='ltr'>natus</span> <span class='ocrx_word' id='word_1_94' title='bbox 494 1659 534 1720; x_wconf 91' lang='lat' dir='ltr'>ad</span> <span class='ocrx_word' id='word_1_95' title='bbox 549 1642 773 1740; x_wconf 85' lang='lat' dir='ltr'>eloquentiam</span> <span class='ocrx_word' id='word_1_96' title='bbox 787 1657 914 1720; x_wconf 89' lang='lat' dir='ltr'>virilem</span> <span class='ocrx_word' id='word_1_97' title='bbox 929 1667 962 1720; x_wconf 92' lang='lat' dir='ltr'>et</span> <span class='ocrx_word' id='word_1_98' title='bbox 976 1659 1201 1733; x_wconf 68' lang='lat' dir='ltr'>oratoriam,t</span> 
     </span>
     <span class='ocr_line' id='line_1_14' title="bbox 116 1737 1165 1857; baseline -0.001 -29"><span class='ocrx_word' id='word_1_99' title='bbox 116 1786 182 1848; x_wconf 89' lang='lat' dir='ltr'>qua</span> <span class='ocrx_word' id='word_1_100' title='bbox 198 1785 314 1857; x_wconf 91' lang='lat' dir='ltr'>parere</span> <span class='ocrx_word' id='word_1_101' title='bbox 332 1765 429 1828; x_wconf 95' lang='lat' dir='ltr'>simul</span> <span class='ocrx_word' id='word_1_102' title='bbox 456 1776 489 1828; x_wconf 90' lang='lat' dir='ltr'>et</span> <span class='ocrx_word' id='word_1_103' title='bbox 513 1765 601 1828; x_wconf 88' lang='lat' dir='ltr'>tueri</span> <span class='ocrx_word' id='word_1_104' title='bbox 625 1765 798 1840; x_wconf 91' lang='lat' dir='ltr'>amicitias,</span> <span class='ocrx_word' id='word_1_105' title='bbox 818 1737 1004 1829; x_wconf 80' lang='lat' dir='ltr'>adsciscere</span> <span class='ocrx_word' id='word_1_106' title='bbox 1022 1766 1165 1829; x_wconf 89' lang='lat' dir='ltr'>necessi-</span> 
     </span>
     <span class='ocr_line' id='line_1_15' title="bbox 116 1873 1241 1962; baseline 0.001 -26"><span class='ocrx_word' id='word_1_107' title='bbox 116 1873 262 1949; x_wconf 80' lang='lat' dir='ltr'>tudineS,</span> <span class='ocrx_word' id='word_1_108' title='bbox 291 1873 467 1956; x_wconf 89' lang='lat' dir='ltr'>complecti</span> <span class='ocrx_word' id='word_1_109' title='bbox 495 1873 683 1955; x_wconf 92' lang='lat' dir='ltr'>provincias</span> <span class='ocrx_word' id='word_1_110' title='bbox 707 1874 824 1955; x_wconf 86' lang='lat' dir='ltr'>possit,</span> <span class='ocrx_word' id='word_1_111' title='bbox 851 1874 931 1936; x_wconf 89' lang='lat' dir='ltr'>omit</span> <span class='ocrx_word' id='word_1_112' title='bbox 935 1873 975 1954; x_wconf 81' lang='lat' dir='ltr'>tit</span> <span class='ocrx_word' id='word_1_113' title='bbox 1001 1874 1158 1962; x_wconf 83' lang='lat' dir='ltr'>studium,</span> <span class='ocrx_word' id='word_1_114' title='bbox 1201 1876 1241 1916; x_wconf 58' lang='lat'>“³²</span> 
     </span>
     <span class='ocr_line' id='line_1_16' title="bbox 116 1949 1218 2064; baseline 0 -20"><span class='ocrx_word' id='word_1_115' title='bbox 116 2002 183 2064; x_wconf 91' lang='lat' dir='ltr'>quo</span> <span class='ocrx_word' id='word_1_116' title='bbox 216 2002 283 2045; x_wconf 92' lang='lat' dir='ltr'>non</span> <span class='ocrx_word' id='word_1_117' title='bbox 315 1981 445 2045; x_wconf 91' lang='lat' dir='ltr'>aliud</span> <span class='ocrx_word' id='word_1_118' title='bbox 437 2002 470 2043; x_wconf 93' lang='lat' dir='ltr'>m</span> <span class='ocrx_word' id='word_1_119' title='bbox 512 1982 647 2045; x_wconf 88' lang='lat' dir='ltr'>civitate</span> <span class='ocrx_word' id='word_1_120' title='bbox 680 1976 794 2044; x_wconf 88' lang='lat' dir='ltr'>nostra</span> <span class='ocrx_word' id='word_1_121' title='bbox 825 1983 878 2044; x_wconf 91' lang='lat' dir='ltr'>vel</span> <span class='ocrx_word' id='word_1_122' title='bbox 911 1949 950 2044; x_wconf 86' lang='lat' dir='ltr'>ad</span> <span class='ocrx_word' id='word_1_123' title='bbox 984 1982 1164 2062; x_wconf 81' lang='lat' dir='ltr'>utilitatem</span> <span class='ocrx_word' id='word_1_124' title='bbox 1206 1976 1218 2000; x_wconf 57' lang='lat'>‘</span> 
     </span>
     <span class='ocr_line' id='line_1_17' title="bbox 116 2067 1164 2172; baseline -0.001 -20"><span class='ocrx_word' id='word_1_125' title='bbox 116 2089 322 2153; x_wconf 84' lang='lat' dir='ltr'>fructuosius</span> <span class='ocrx_word' id='word_1_126' title='bbox 344 2089 396 2152; x_wconf 89' lang='lat' dir='ltr'>vel</span> <span class='ocrx_word' id='word_1_127' title='bbox 418 2090 459 2152; x_wconf 91' lang='lat' dir='ltr'>ad</span> <span class='ocrx_word' id='word_1_128' title='bbox 483 2089 689 2171; x_wconf 88' lang='lat' dir='ltr'>voluptatem</span> <span class='ocrx_word' id='word_1_129' title='bbox 715 2067 891 2152; x_wconf 89' lang='lat' dir='ltr'>iucundius</span> <span class='ocrx_word' id='word_1_130' title='bbox 916 2089 968 2151; x_wconf 86' lang='lat' dir='ltr'>vel</span> <span class='ocrx_word' id='word_1_131' title='bbox 993 2090 1034 2151; x_wconf 90' lang='lat' dir='ltr'>ad</span> <span class='ocrx_word' id='word_1_132' title='bbox 1059 2090 1164 2172; x_wconf 87' lang='lat' dir='ltr'>digni-</span> 
     </span>
     <span class='ocr_line' id='line_1_18' title="bbox 116 2197 1164 2279; baseline 0 -19"><span class='ocrx_word' id='word_1_133' title='bbox 116 2206 222 2260; x_wconf 86' lang='lat' dir='ltr'>tatem</span> <span class='ocrx_word' id='word_1_134' title='bbox 251 2197 394 2279; x_wconf 87' lang='lat' dir='ltr'>amplius</span> <span class='ocrx_word' id='word_1_135' title='bbox 420 2197 472 2259; x_wconf 91' lang='lat' dir='ltr'>vel</span> <span class='ocrx_word' id='word_1_136' title='bbox 501 2198 541 2260; x_wconf 90' lang='lat' dir='ltr'>ad</span> <span class='ocrx_word' id='word_1_137' title='bbox 572 2198 663 2260; x_wconf 93' lang='lat' dir='ltr'>urbis</span> <span class='ocrx_word' id='word_1_138' title='bbox 691 2198 813 2260; x_wconf 78' lang='lat' dir='ltr'>famam</span> <span class='ocrx_word' id='word_1_139' title='bbox 846 2197 1016 2278; x_wconf 89' lang='lat' dir='ltr'>pulchrius</span> <span class='ocrx_word' id='word_1_140' title='bbox 1045 2198 1098 2260; x_wconf 92' lang='lat' dir='ltr'>vel</span> <span class='ocrx_word' id='word_1_141' title='bbox 1124 2199 1164 2260; x_wconf 89' lang='lat' dir='ltr'>ad</span> 
     </span>
    </p>
   </div>
   <div class='ocr_carea' id='block_1_3' title="bbox 109 2337 616 3866">
    <p class='ocr_par' dir='ltr' id='par_1_4' title="bbox 115 2337 616 2585">
     <span class='ocr_line' id='line_1_19' title="bbox 116 2337 614 2400; baseline 0 -14"><span class='ocrx_word' id='word_1_142' title='bbox 116 2339 246 2397; x_wconf 82' lang='lat' dir='ltr'>excusare)</span> <span class='ocrx_word' id='word_1_143' title='bbox 265 2337 376 2387; x_wconf 86' lang='lat' dir='ltr'>without</span> <span class='ocrx_word' id='word_1_144' title='bbox 393 2337 498 2400; x_wconf 83' lang='lat' dir='ltr'>waiting</span> <span class='ocrx_word' id='word_1_145' title='bbox 514 2338 556 2386; x_wconf 84' lang='lat' dir='ltr'>for</span> <span class='ocrx_word' id='word_1_146' title='bbox 574 2339 614 2386; x_wconf 87' lang='lat' dir='ltr'>his</span> 
     </span>
     <span class='ocr_line' id='line_1_20' title="bbox 116 2403 614 2467; baseline 0 -15"><span class='ocrx_word' id='word_1_147' title='bbox 116 2403 228 2453; x_wconf 88' lang='lat' dir='ltr'>attitude</span> <span class='ocrx_word' id='word_1_148' title='bbox 245 2411 274 2453; x_wconf 91' lang='lat' dir='ltr'>to</span> <span class='ocrx_word' id='word_1_149' title='bbox 291 2403 324 2452; x_wconf 88' lang='lat' dir='ltr'>be</span> <span class='ocrx_word' id='word_1_150' title='bbox 341 2403 536 2467; x_wconf 87' lang='lat' dir='ltr'>challenged.—</span> <span class='ocrx_word' id='word_1_151' title='bbox 544 2404 614 2452; x_wconf 89' lang='lat' dir='ltr'>alte-</span> 
     </span>
     <span class='ocr_line' id='line_1_21' title="bbox 116 2466 616 2533; baseline -0.004 -14"><span class='ocrx_word' id='word_1_152' title='bbox 116 2485 178 2519; x_wconf 82' lang='lat' dir='ltr'>ram</span> <span class='ocrx_word' id='word_1_153' title='bbox 199 2472 418 2533; x_wconf 81' lang='lat' dir='ltr'>(=olterutrom),</span> <span class='ocrx_word' id='word_1_154' title='bbox 443 2487 489 2518; x_wconf 88' lang='lat' dir='ltr'>one</span> <span class='ocrx_word' id='word_1_155' title='bbox 510 2466 566 2518; x_wconf 72' lang='lat' dir='ltr'>sid?</span> <span class='ocrx_word' id='word_1_156' title='bbox 587 2486 616 2518; x_wconf 87' lang='lat' dir='ltr'>or</span> 
     </span>
     <span class='ocr_line' id='line_1_22' title="bbox 115 2537 247 2594; baseline -0.008 -9"><span class='ocrx_word' id='word_1_157' title='bbox 115 2537 247 2594; x_wconf 80' lang='lat' dir='ltr'>tlreotleer,</span> 
     </span>
    </p>

    <p class='ocr_par' dir='ltr' id='par_1_5' title="bbox 109 2604 615 3866">
     <span class='ocr_line' id='line_1_23' title="bbox 149 2604 615 2673; baseline 0 -22"><span class='ocrx_word' id='word_1_158' title='bbox 149 2617 174 2652; x_wconf 87' lang='lat'>2.</span> <span class='ocrx_word' id='word_1_159' title='bbox 193 2604 383 2663; x_wconf 83' lang='lat' dir='ltr'>contubernii,</span> <span class='ocrx_word' id='word_1_160' title='bbox 395 2604 522 2673; x_wconf 76' lang='lat' dir='ltr'>soorilror</span> <span class='ocrx_word' id='word_1_161' title='bbox 539 2605 615 2652; x_wconf 84' lang='lat' dir='ltr'>inter·</span> 
     </span>
     <span class='ocr_line' id='line_1_24' title="bbox 114 2669 615 2733; baseline -0.002 -15"><span class='ocrx_word' id='word_1_162' title='bbox 114 2686 208 2728; x_wconf 76' lang='lat' dir='ltr'>course,</span> <span class='ocrx_word' id='word_1_163' title='bbox 213 2685 268 2718; x_wconf 90' lang='lat' dir='ltr'>-a</span> <span class='ocrx_word' id='word_1_164' title='bbox 279 2678 349 2733; x_wconf 91' lang='lat' dir='ltr'>post·</span> <span class='ocrx_word' id='word_1_165' title='bbox 350 2669 488 2733; x_wconf 87' lang='lat' dir='ltr'>Augustan</span> <span class='ocrx_word' id='word_1_166' title='bbox 501 2686 576 2719; x_wconf 91' lang='lat' dir='ltr'>sense</span> <span class='ocrx_word' id='word_1_167' title='bbox 586 2669 615 2717; x_wconf 84' lang='lat' dir='ltr'>ot</span> 
     </span>
     <span class='ocr_line' id='line_1_25' title="bbox 115 2732 613 2800; baseline -0.002 -15"><span class='ocrx_word' id='word_1_168' title='bbox 115 2732 160 2786; x_wconf 88' lang='lat' dir='ltr'>the</span> <span class='ocrx_word' id='word_1_169' title='bbox 176 2736 255 2793; x_wconf 85' lang='lat' dir='ltr'>word,</span> <span class='ocrx_word' id='word_1_170' title='bbox 268 2737 403 2798; x_wconf 87' lang='lat' dir='ltr'>occurring</span> <span class='ocrx_word' id='word_1_171' title='bbox 421 2737 501 2784; x_wconf 83' lang='lat' dir='ltr'>also&#39;</span> <span class='ocrx_word' id='word_1_172' title='bbox 495 2752 520 2785; x_wconf 92' lang='lat' dir='ltr'>m</span> <span class='ocrx_word' id='word_1_173' title='bbox 542 2751 613 2800; x_wconf 83' lang='lat'>13</span> 
     </span>
     <span class='ocr_line' id='line_1_26' title="bbox 114 2802 614 2853; baseline -0.006 0"><span class='ocrx_word' id='word_1_174' title='bbox 114 2803 273 2853; x_wconf 85' lang='lat' dir='ltr'>-Saleius</span> <span class='ocrx_word' id='word_1_175' title='bbox 299 2805 432 2853; x_wconf 82' lang='lat' dir='ltr'>Bassus.</span> <span class='ocrx_word' id='word_1_176' title='bbox 460 2818 476 2850; x_wconf 88' lang='lat' dir='ltr'>a</span> <span class='ocrx_word' id='word_1_177' title='bbox 500 2802 614 2851; x_wconf 89' lang='lat' dir='ltr'>talented</span> 
     </span>
     <span class='ocr_line' id='line_1_27' title="bbox 114 2869 615 2935; baseline -0.004 -16"><span class='ocrx_word' id='word_1_178' title='bbox 114 2869 162 2919; x_wconf 91' lang='lat' dir='ltr'>but</span> <span class='ocrx_word' id='word_1_179' title='bbox 185 2869 269 2935; x_wconf 88' lang='lat' dir='ltr'>needy</span> <span class='ocrx_word' id='word_1_180' title='bbox 288 2870 345 2932; x_wconf 90' lang='lat' dir='ltr'>epic</span> <span class='ocrx_word' id='word_1_181' title='bbox 368 2876 430 2933; x_wconf 90' lang='lat' dir='ltr'>poet</span> <span class='ocrx_word' id='word_1_182' title='bbox 453 2869 561 2918; x_wconf 84' lang='lat' dir='ltr'>favored</span> <span class='ocrx_word' id='word_1_183' title='bbox 581 2869 615 2934; x_wconf 94' lang='lat' dir='ltr'>by</span> 
     </span>
     <span class='ocr_line' id='line_1_28' title="bbox 115 2934 614 3000; baseline -0.004 -16"><span class='ocrx_word' id='word_1_184' title='bbox 115 2936 276 3000; x_wconf 87' lang='lat' dir='ltr'>Vespasian;</span> <span class='ocrx_word' id='word_1_185' title='bbox 306 2934 338 2984; x_wconf 78' lang='lat' dir='ltr'>cf</span> <span class='ocrx_word' id='word_1_186' title='bbox 360 2936 451 2996; x_wconf 89' lang='lat' dir='ltr'>Quint.</span> <span class='ocrx_word' id='word_1_187' title='bbox 477 2937 509 2983; x_wconf 89' lang='lat' dir='ltr'>X.</span> <span class='ocrx_word' id='word_1_188' title='bbox 536 2950 556 2983; x_wconf 87' lang='lat' dir='ltr'>r.</span> <span class='ocrx_word' id='word_1_189' title='bbox 582 2950 614 2998; x_wconf 82' lang='lat'>90</span> 
     </span>
     <span class='ocr_line' id='line_1_29' title="bbox 114 3003 613 3064; baseline -0.002 -13"><span class='ocrx_word' id='word_1_190' title='bbox 114 3003 248 3051; x_wconf 82' lang='lat' dir='ltr'>vehemens</span> <span class='ocrx_word' id='word_1_191' title='bbox 275 3010 299 3051; x_wconf 89' lang='lat' dir='ltr'>et</span> <span class='ocrx_word' id='word_1_192' title='bbox 328 3004 451 3064; x_wconf 83' lang='lat' dir='ltr'>poeticum</span> <span class='ocrx_word' id='word_1_193' title='bbox 483 3004 613 3064; x_wconf 78' lang='lat' dir='ltr'>ingenium</span> 
     </span>
     <span class='ocr_line' id='line_1_30' title="bbox 114 3069 614 3133; baseline 0 -17"><span class='ocrx_word' id='word_1_194' title='bbox 114 3070 279 3117; x_wconf 64' lang='lat' dir='ltr'>&amp;elerrBossr</span> <span class='ocrx_word' id='word_1_195' title='bbox 277 3069 614 3133; x_wconf 81' lang='lat' dir='ltr'>fuet.—porro,tl1eresore.</span> 
     </span>
     <span class='ocr_line' id='line_1_31' title="bbox 114 3135 615 3199; baseline 0 -16"><span class='ocrx_word' id='word_1_196' title='bbox 114 3150 237 3185; x_wconf 88' lang='lat' dir='ltr'>-reum</span> <span class='ocrx_word' id='word_1_197' title='bbox 255 3135 488 3199; x_wconf 81' lang='lat' dir='ltr'>locupletiorem:</span> <span class='ocrx_word' id='word_1_198' title='bbox 504 3135 536 3183; x_wconf 82' lang='lat' dir='ltr'>cl.</span> <span class='ocrx_word' id='word_1_199' title='bbox 552 3136 615 3199; x_wconf 90' lang='lat' dir='ltr'>Livy</span> 
     </span>
     <span class='ocr_line' id='line_1_32' title="bbox 116 3201 615 3265; baseline -0.002 -16"><span class='ocrx_word' id='word_1_200' title='bbox 116 3202 164 3249; x_wconf 84' lang='lat' dir='ltr'>lx.</span> <span class='ocrx_word' id='word_1_201' title='bbox 176 3216 200 3265; x_wconf 89' lang='lat'>9.</span> <span class='ocrx_word' id='word_1_202' title='bbox 215 3201 244 3250; x_wconf 92' lang='lat'>18</span> <span class='ocrx_word' id='word_1_203' title='bbox 263 3219 308 3250; x_wconf 81' lang='lat' dir='ltr'>nos</span> <span class='ocrx_word' id='word_1_204' title='bbox 320 3219 409 3249; x_wconf 84' lang='lat' dir='ltr'>sumus</span> <span class='ocrx_word' id='word_1_205' title='bbox 428 3204 466 3248; x_wconf 83' lang='lat' dir='ltr'>rei</span> <span class='ocrx_word' id='word_1_206' title='bbox 479 3204 540 3249; x_wconf 87' lang='lat' dir='ltr'>satis</span> <span class='ocrx_word' id='word_1_207' title='bbox 551 3204 615 3250; x_wconf 86' lang='lat' dir='ltr'>locu·</span> 
     </span>
     <span class='ocr_line' id='line_1_33' title="bbox 109 3269 615 3332; baseline 0.002 -17"><span class='ocrx_word' id='word_1_208' title='bbox 109 3269 388 3332; x_wconf 83' lang='lat' dir='ltr'>pletes,-sufficr&#39;ently</span> <span class='ocrx_word' id='word_1_209' title='bbox 398 3270 549 3330; x_wconf 75' lang='lat' dir='ltr'>responsible</span> <span class='ocrx_word' id='word_1_210' title='bbox 553 3276 615 3330; x_wconf 90' lang='lat' dir='ltr'>por-</span> 
     </span>
     <span class='ocr_line' id='line_1_34' title="bbox 113 3335 615 3398; baseline -0.002 -15"><span class='ocrx_word' id='word_1_211' title='bbox 113 3336 166 3383; x_wconf 80' lang='lat' dir='ltr'>ties.</span> <span class='ocrx_word' id='word_1_212' title='bbox 192 3335 228 3383; x_wconf 92' lang='lat' dir='ltr'>So</span> <span class='ocrx_word' id='word_1_213' title='bbox 238 3335 294 3384; x_wconf 85' lang='lat' dir='ltr'>also</span> <span class='ocrx_word' id='word_1_214' title='bbox 304 3335 330 3383; x_wconf 93' lang='lat' dir='ltr'>in</span> <span class='ocrx_word' id='word_1_215' title='bbox 338 3335 383 3384; x_wconf 91' lang='lat' dir='ltr'>the</span> <span class='ocrx_word' id='word_1_216' title='bbox 391 3335 499 3398; x_wconf 89' lang='lat' dir='ltr'>phrases</span> <span class='ocrx_word' id='word_1_217' title='bbox 507 3336 615 3396; x_wconf 81' lang='lat' dir='ltr'>locuples</span> 
     </span>
     <span class='ocr_line' id='line_1_35' title="bbox 113 3403 615 3463; baseline 0.002 -14"><span class='ocrx_word' id='word_1_218' title='bbox 113 3408 209 3458; x_wconf 84' lang='lat' dir='ltr'>auctor,</span> <span class='ocrx_word' id='word_1_219' title='bbox 222 3403 331 3463; x_wconf 83' lang='lat' dir='ltr'>locuples</span> <span class='ocrx_word' id='word_1_220' title='bbox 341 3403 415 3458; x_wconf 71' lang='lat' dir='ltr'>testis,</span> <span class='ocrx_word' id='word_1_221' title='bbox 432 3419 449 3450; x_wconf 89' lang='lat' dir='ltr'>o</span> <span class='ocrx_word' id='word_1_222' title='bbox 465 3403 615 3463; x_wconf 79' lang='lat' dir='ltr'>responsible</span> 
     </span>
     <span class='ocr_line' id='line_1_36' title="bbox 113 3467 614 3531; baseline 0 -15"><span class='ocrx_word' id='word_1_223' title='bbox 113 3469 222 3516; x_wconf 84' lang='lat' dir='ltr'>witness.</span> <span class='ocrx_word' id='word_1_224' title='bbox 261 3468 293 3516; x_wconf 93' lang='lat' dir='ltr'>In</span> <span class='ocrx_word' id='word_1_225' title='bbox 314 3467 359 3517; x_wconf 91' lang='lat' dir='ltr'>the</span> <span class='ocrx_word' id='word_1_226' title='bbox 379 3475 484 3531; x_wconf 90' lang='lat' dir='ltr'>present</span> <span class='ocrx_word' id='word_1_227' title='bbox 504 3483 614 3531; x_wconf 87' lang='lat' dir='ltr'>passage</span> 
     </span>
     <span class='ocr_line' id='line_1_37' title="bbox 114 3534 615 3613; baseline 0.002 -31"><span class='ocrx_word' id='word_1_228' title='bbox 114 3534 159 3582; x_wconf 88' lang='lat' dir='ltr'>the</span> <span class='ocrx_word' id='word_1_229' title='bbox 171 3541 278 3584; x_wconf 87' lang='lat' dir='ltr'>context</span> <span class='ocrx_word' id='word_1_230' title='bbox 296 3534 422 3584; x_wconf 90' lang='lat' dir='ltr'>demands</span> <span class='ocrx_word' id='word_1_231' title='bbox 436 3535 480 3584; x_wconf 92' lang='lat' dir='ltr'>the</span> <span class='ocrx_word' id='word_1_232' title='bbox 493 3534 615 3613; x_wconf 81' lang='lat' dir='ltr'>meaning</span> 
     </span>
     <span class='ocr_line' id='line_1_38' title="bbox 113 3602 614 3666; baseline 0.004 -18"><span class='ocrx_word' id='word_1_233' title='bbox 113 3618 130 3649; x_wconf 86' lang='lat' dir='ltr'><em>a</em></span> <span class='ocrx_word' id='word_1_234' title='bbox 148 3617 217 3649; x_wconf 82' lang='lat' dir='ltr'>more</span> <span class='ocrx_word' id='word_1_235' title='bbox 234 3602 340 3649; x_wconf 81' lang='lat' dir='ltr'>suitoble</span> <span class='ocrx_word' id='word_1_236' title='bbox 356 3603 525 3666; x_wconf 51' lang='lat' dir='ltr'>descendants</span> <span class='ocrx_word' id='word_1_237' title='bbox 513 3618 550 3650; x_wconf 83' lang='lat' dir='ltr'>rc.</span> <span class='ocrx_word' id='word_1_238' title='bbox 564 3617 614 3650; x_wconf 87' lang='lat' dir='ltr'>one</span> 
     </span>
     <span class='ocr_line' id='line_1_39' title="bbox 113 3666 615 3733; baseline 0 -17"><span class='ocrx_word' id='word_1_239' title='bbox 113 3667 173 3716; x_wconf 87' lang='lat' dir='ltr'>who</span> <span class='ocrx_word' id='word_1_240' title='bbox 192 3666 280 3716; x_wconf 85' lang='lat' dir='ltr'>would</span> <span class='ocrx_word' id='word_1_241' title='bbox 297 3683 370 3716; x_wconf 88' lang='lat' dir='ltr'>more</span> <span class='ocrx_word' id='word_1_242' title='bbox 387 3668 508 3733; x_wconf 89' lang='lat' dir='ltr'>properly</span> <span class='ocrx_word' id='word_1_243' title='bbox 526 3668 558 3716; x_wconf 92' lang='lat' dir='ltr'>be</span> <span class='ocrx_word' id='word_1_244' title='bbox 578 3683 615 3716; x_wconf 91' lang='lat' dir='ltr'>ar-</span> 
     </span>
     <span class='ocr_line' id='line_1_40' title="bbox 113 3732 614 3799; baseline 0 -17"><span class='ocrx_word' id='word_1_245' title='bbox 113 3732 229 3797; x_wconf 85' lang='lat' dir='ltr'>raigned.</span> <span class='ocrx_word' id='word_1_246' title='bbox 266 3733 402 3783; x_wconf 88' lang='lat' dir='ltr'>Secundus</span> <span class='ocrx_word' id='word_1_247' title='bbox 414 3749 505 3783; x_wconf 91' lang='lat' dir='ltr'>means</span> <span class='ocrx_word' id='word_1_248' title='bbox 523 3742 550 3783; x_wconf 90' lang='lat' dir='ltr'>to</span> <span class='ocrx_word' id='word_1_249' title='bbox 568 3750 614 3799; x_wconf 89' lang='lat' dir='ltr'>say</span> 
     </span>
     <span class='ocr_line' id='line_1_41' title="bbox 114 3799 614 3866; baseline -0.002 -17"><span class='ocrx_word' id='word_1_250' title='bbox 114 3800 172 3849; x_wconf 88' lang='lat' dir='ltr'>that</span> <span class='ocrx_word' id='word_1_251' title='bbox 189 3799 211 3849; x_wconf 83' lang='lat' dir='ltr'>if</span> <span class='ocrx_word' id='word_1_252' title='bbox 231 3815 282 3866; x_wconf 88' lang='lat' dir='ltr'>any</span> <span class='ocrx_word' id='word_1_253' title='bbox 302 3801 418 3850; x_wconf 85' lang='lat' dir='ltr'>attack&#39;</span> <span class='ocrx_word' id='word_1_254' title='bbox 411 3816 434 3850; x_wconf 84' lang='lat' dir='ltr'>rs</span> <span class='ocrx_word' id='word_1_255' title='bbox 455 3799 531 3850; x_wconf 86' lang='lat' dir='ltr'>made</span> <span class='ocrx_word' id='word_1_256' title='bbox 543 3816 614 3864; x_wconf 89' lang='lat' dir='ltr'>upon</span> 
     </span>
    </p>
   </div>
   <div class='ocr_carea' id='block_1_4' title="bbox 665 2338 1166 3863">
    <p class='ocr_par' dir='ltr' id='par_1_6' title="bbox 665 2338 1164 2668">
     <span class='ocr_line' id='line_1_42' title="bbox 665 2338 1164 2403; baseline 0.002 -17"><span class='ocrx_word' id='word_1_257' title='bbox 665 2346 764 2403; x_wconf 91' lang='lat' dir='ltr'>poetry,</span> <span class='ocrx_word' id='word_1_258' title='bbox 795 2339 856 2386; x_wconf 89' lang='lat' dir='ltr'>then</span> <span class='ocrx_word' id='word_1_259' title='bbox 886 2338 919 2386; x_wconf 89' lang='lat' dir='ltr'>he</span> <span class='ocrx_word' id='word_1_260' title='bbox 947 2338 1011 2386; x_wconf 85' lang='lat' dir='ltr'>feels</span> <span class='ocrx_word' id='word_1_261' title='bbox 1038 2339 1094 2387; x_wconf 89' lang='lat' dir='ltr'>that</span> <span class='ocrx_word' id='word_1_262' title='bbox 1124 2339 1164 2387; x_wconf 93' lang='lat' dir='ltr'>his</span> 
     </span>
     <span class='ocr_line' id='line_1_43' title="bbox 666 2403 1164 2462; baseline 0.002 -10"><span class='ocrx_word' id='word_1_263' title='bbox 666 2420 724 2452; x_wconf 87' lang='lat' dir='ltr'>own</span> <span class='ocrx_word' id='word_1_264' title='bbox 742 2403 826 2452; x_wconf 83' lang='lat' dir='ltr'>friend</span> <span class='ocrx_word' id='word_1_265' title='bbox 845 2405 946 2452; x_wconf 90' lang='lat' dir='ltr'>Saleius</span> <span class='ocrx_word' id='word_1_266' title='bbox 960 2405 1064 2462; x_wconf 88' lang='lat' dir='ltr'>Bassus,</span> <span class='ocrx_word' id='word_1_267' title='bbox 1077 2420 1093 2452; x_wconf 89' lang='lat' dir='ltr'>a</span> <span class='ocrx_word' id='word_1_268' title='bbox 1104 2421 1164 2453; x_wconf 89' lang='lat' dir='ltr'>man</span> 
     </span>
     <span class='ocr_line' id='line_1_44' title="bbox 666 2471 1164 2535; baseline 0.002 -17"><span class='ocrx_word' id='word_1_269' title='bbox 666 2487 742 2535; x_wconf 88' lang='lat' dir='ltr'>every</span> <span class='ocrx_word' id='word_1_270' title='bbox 754 2471 813 2518; x_wconf 92' lang='lat' dir='ltr'>inch</span> <span class='ocrx_word' id='word_1_271' title='bbox 827 2486 843 2518; x_wconf 89' lang='lat' dir='ltr'>a</span> <span class='ocrx_word' id='word_1_272' title='bbox 854 2479 924 2532; x_wconf 87' lang='lat' dir='ltr'>poet,</span> <span class='ocrx_word' id='word_1_273' title='bbox 934 2471 956 2518; x_wconf 91' lang='lat' dir='ltr'>is</span> <span class='ocrx_word' id='word_1_274' title='bbox 969 2471 1090 2519; x_wconf 91' lang='lat' dir='ltr'>attacked</span> <span class='ocrx_word' id='word_1_275' title='bbox 1104 2479 1164 2531; x_wconf 78' lang='lat' dir='ltr'>t003</span> 
     </span>
     <span class='ocr_line' id='line_1_45' title="bbox 666 2537 1164 2600; baseline 0.002 -16"><span class='ocrx_word' id='word_1_276' title='bbox 666 2537 747 2586; x_wconf 91' lang='lat' dir='ltr'>hence</span> <span class='ocrx_word' id='word_1_277' title='bbox 765 2537 797 2586; x_wconf 89' lang='lat' dir='ltr'>he</span> <span class='ocrx_word' id='word_1_278' title='bbox 816 2545 912 2585; x_wconf 89' lang='lat' dir='ltr'>cannot</span> <span class='ocrx_word' id='word_1_279' title='bbox 930 2545 971 2584; x_wconf 89' lang='lat' dir='ltr'>act</span> <span class='ocrx_word' id='word_1_280' title='bbox 991 2553 1020 2586; x_wconf 87' lang='lat' dir='ltr'>as</span> <span class='ocrx_word' id='word_1_281' title='bbox 1040 2537 1121 2600; x_wconf 86' lang='lat' dir='ltr'>judge</span> <span class='ocrx_word' id='word_1_282' title='bbox 1138 2539 1164 2585; x_wconf 93' lang='lat' dir='ltr'>in</span> 
     </span>
     <span class='ocr_line' id='line_1_46' title="bbox 666 2604 935 2668; baseline -0.004 -17"><span class='ocrx_word' id='word_1_283' title='bbox 666 2604 710 2652; x_wconf 92' lang='lat' dir='ltr'>the</span> <span class='ocrx_word' id='word_1_284' title='bbox 722 2612 897 2668; x_wconf 88' lang='lat' dir='ltr'>controversy.</span> <span class='ocrx_word' id='word_1_285' title='bbox 933 2608 935 2612; x_wconf 88' lang='lat'>&#39;</span> 
     </span>
    </p>

    <p class='ocr_par' dir='ltr' id='par_1_7' title="bbox 665 2670 1166 3463">
     <span class='ocr_line' id='line_1_47' title="bbox 699 2670 1165 2731; baseline 0.002 -13"><span class='ocrx_word' id='word_1_286' title='bbox 699 2685 724 2731; x_wconf 79' lang='lat'>3.</span> <span class='ocrx_word' id='word_1_287' title='bbox 742 2684 862 2719; x_wconf 86' lang='lat' dir='ltr'>securus</span> <span class='ocrx_word' id='word_1_288' title='bbox 882 2670 928 2728; x_wconf 85' lang='lat' dir='ltr'>sit,</span> <span class='ocrx_word' id='word_1_289' title='bbox 951 2678 1010 2718; x_wconf 78' lang='lat' dir='ltr'>etc:</span> <span class='ocrx_word' id='word_1_290' title='bbox 1033 2671 1101 2719; x_wconf 88' lang='lat' dir='ltr'>‘&#39;Tis</span> <span class='ocrx_word' id='word_1_291' title='bbox 1119 2679 1165 2719; x_wconf 92' lang='lat' dir='ltr'>not</span> 
     </span>
     <span class='ocr_line' id='line_1_48' title="bbox 665 2737 1165 2802; baseline 0.002 -18"><span class='ocrx_word' id='word_1_292' title='bbox 665 2752 682 2785; x_wconf 88' lang='lat' dir='ltr'>a</span> <span class='ocrx_word' id='word_1_293' title='bbox 704 2738 825 2800; x_wconf 88' lang='lat' dir='ltr'>question</span> <span class='ocrx_word' id='word_1_294' title='bbox 853 2737 968 2785; x_wconf 87' lang='lat' dir='ltr'>between</span> <span class='ocrx_word' id='word_1_295' title='bbox 995 2746 1089 2802; x_wconf 89' lang='lat' dir='ltr'>poetry</span> <span class='ocrx_word' id='word_1_296' title='bbox 1113 2737 1165 2785; x_wconf 89' lang='lat' dir='ltr'>and</span> 
     </span>
     <span class='ocr_line' id='line_1_49' title="bbox 666 2804 1166 2868; baseline 0 -17"><span class='ocrx_word' id='word_1_297' title='bbox 666 2811 785 2868; x_wconf 81' lang='lat' dir='ltr'>oratory3</span> <span class='ocrx_word' id='word_1_298' title='bbox 816 2805 828 2851; x_wconf 89' lang='lat'>1</span> <span class='ocrx_word' id='word_1_299' title='bbox 847 2819 889 2851; x_wconf 90' lang='lat' dir='ltr'>am</span> <span class='ocrx_word' id='word_1_300' title='bbox 908 2804 1002 2867; x_wconf 91' lang='lat' dir='ltr'>simply</span> <span class='ocrx_word' id='word_1_301' title='bbox 1020 2804 1166 2866; x_wconf 84' lang='lat' dir='ltr'>arraigning</span> 
     </span>
     <span class='ocr_line' id='line_1_50' title="bbox 667 2870 1165 2934; baseline 0 -17"><span class='ocrx_word' id='word_1_302' title='bbox 667 2871 802 2919; x_wconf 87' lang='lat' dir='ltr'>Maternus</span> <span class='ocrx_word' id='word_1_303' title='bbox 824 2871 972 2934; x_wconf 88' lang='lat' dir='ltr'>personally</span> <span class='ocrx_word' id='word_1_304' title='bbox 993 2870 1035 2918; x_wconf 85' lang='lat' dir='ltr'>for</span> <span class='ocrx_word' id='word_1_305' title='bbox 1055 2871 1165 2932; x_wconf 87' lang='lat' dir='ltr'>neglect·</span> 
     </span>
     <span class='ocr_line' id='line_1_51' title="bbox 666 2936 1165 2998; baseline 0.006 -15"><span class='ocrx_word' id='word_1_306' title='bbox 666 2937 709 2998; x_wconf 89' lang='lat' dir='ltr'>ing</span> <span class='ocrx_word' id='word_1_307' title='bbox 730 2936 770 2985; x_wconf 89' lang='lat' dir='ltr'>his</span> <span class='ocrx_word' id='word_1_308' title='bbox 787 2938 888 2985; x_wconf 89' lang='lat' dir='ltr'>natural</span> <span class='ocrx_word' id='word_1_309' title='bbox 905 2936 1025 2998; x_wconf 81' lang='lat' dir='ltr'>gifts.&#39;—</span> <span class='ocrx_word' id='word_1_310' title='bbox 1035 2951 1102 2986; x_wconf 89' lang='lat' dir='ltr'>cum</span> <span class='ocrx_word' id='word_1_311' title='bbox 1116 2972 1122 2984; x_wconf 92' lang='lat'><strong><em>.</em></strong></span> <span class='ocrx_word' id='word_1_312' title='bbox 1137 2972 1165 2986; x_wconf 85' lang='grc'>..</span> 
     </span>
     <span class='ocr_line' id='line_1_52' title="bbox 666 3003 1165 3068; baseline -0.004 -17"><span class='ocrx_word' id='word_1_313' title='bbox 666 3003 776 3065; x_wconf 91' lang='lat' dir='ltr'>possit:</span> <span class='ocrx_word' id='word_1_314' title='bbox 794 3003 849 3066; x_wconf 86' lang='lat' dir='ltr'>join</span> <span class='ocrx_word' id='word_1_315' title='bbox 863 3004 959 3068; x_wconf 89' lang='lat' dir='ltr'>closely</span> <span class='ocrx_word' id='word_1_316' title='bbox 974 3003 1034 3050; x_wconf 87' lang='lat' dir='ltr'>with</span> <span class='ocrx_word' id='word_1_317' title='bbox 1044 3005 1122 3066; x_wconf 69' lang='lat' dir='ltr'>fovet.</span> <span class='ocrx_word' id='word_1_318' title='bbox 1132 3031 1165 3039; x_wconf 90' lang='lat'><strong>—</strong></span> 
     </span>
     <span class='ocr_line' id='line_1_53' title="bbox 666 3070 1164 3131; baseline 0 -13"><span class='ocrx_word' id='word_1_319' title='bbox 666 3077 819 3131; x_wconf 91' lang='lat' dir='ltr'>quatenus,</span> <span class='ocrx_word' id='word_1_320' title='bbox 833 3072 937 3118; x_wconf 78' lang='lat' dir='ltr'>because.</span> <span class='ocrx_word' id='word_1_321' title='bbox 975 3071 1004 3116; x_wconf 93' lang='lat' dir='ltr'>In</span> <span class='ocrx_word' id='word_1_322' title='bbox 1023 3070 1075 3117; x_wconf 89' lang='lat' dir='ltr'>this</span> <span class='ocrx_word' id='word_1_323' title='bbox 1089 3085 1164 3118; x_wconf 88' lang='lat' dir='ltr'>sense</span> 
     </span>
     <span class='ocr_line' id='line_1_54' title="bbox 667 3136 1165 3199; baseline 0 -16"><span class='ocrx_word' id='word_1_324' title='bbox 667 3136 710 3184; x_wconf 91' lang='lat' dir='ltr'>the</span> <span class='ocrx_word' id='word_1_325' title='bbox 734 3136 804 3183; x_wconf 88' lang='lat' dir='ltr'>word</span> <span class='ocrx_word' id='word_1_326' title='bbox 829 3137 850 3184; x_wconf 93' lang='lat' dir='ltr'>is</span> <span class='ocrx_word' id='word_1_327' title='bbox 874 3137 986 3199; x_wconf 92' lang='lat' dir='ltr'>poetical</span> <span class='ocrx_word' id='word_1_328' title='bbox 1016 3136 1067 3183; x_wconf 91' lang='lat' dir='ltr'>and</span> <span class='ocrx_word' id='word_1_329' title='bbox 1096 3145 1165 3198; x_wconf 90' lang='lat' dir='ltr'>post-</span> 
     </span>
     <span class='ocr_line' id='line_1_55' title="bbox 667 3203 1164 3265; baseline 0.002 -16"><span class='ocrx_word' id='word_1_330' title='bbox 667 3203 1001 3265; x_wconf 86' lang='lat' dir='ltr'>Augustan.—societate</span> <span class='ocrx_word' id='word_1_331' title='bbox 1022 3203 1164 3265; x_wconf 88' lang='lat' dir='ltr'>plurium:</span> 
     </span>
     <span class='ocr_line' id='line_1_56' title="bbox 665 3269 1164 3333; baseline 0.004 -18"><span class='ocrx_word' id='word_1_332' title='bbox 665 3270 702 3316; x_wconf 78' lang='lat' dir='ltr'>ie.</span> <span class='ocrx_word' id='word_1_333' title='bbox 729 3269 763 3333; x_wconf 91' lang='lat' dir='ltr'>by</span> <span class='ocrx_word' id='word_1_334' title='bbox 790 3269 834 3317; x_wconf 89' lang='lat' dir='ltr'>the</span> <span class='ocrx_word' id='word_1_335' title='bbox 860 3269 914 3316; x_wconf 81' lang='lat' dir='ltr'>fact</span> <span class='ocrx_word' id='word_1_336' title='bbox 939 3269 1003 3331; x_wconf 48' lang='lat' dir='ltr'>that,</span> <span class='ocrx_word' id='word_1_337' title='bbox 1023 3269 1095 3316; x_wconf 89' lang='lat' dir='ltr'>there</span> <span class='ocrx_word' id='word_1_338' title='bbox 1121 3285 1164 3317; x_wconf 88' lang='lat' dir='ltr'>are</span> 
     </span>
     <span class='ocr_line' id='line_1_57' title="bbox 666 3335 1163 3400; baseline 0 -18"><span class='ocrx_word' id='word_1_339' title='bbox 666 3351 742 3400; x_wconf 92' lang='lat' dir='ltr'>many</span> <span class='ocrx_word' id='word_1_340' title='bbox 755 3336 843 3384; x_wconf 89' lang='lat' dir='ltr'>others</span> <span class='ocrx_word' id='word_1_341' title='bbox 858 3335 909 3383; x_wconf 91' lang='lat' dir='ltr'>like</span> <span class='ocrx_word' id='word_1_342' title='bbox 923 3335 1163 3398; x_wconf 82' lang='lat' dir='ltr'>him.‘-plurium:</span> 
     </span>
     <span class='ocr_line' id='line_1_58' title="bbox 665 3401 956 3463; baseline 0 -15"><span class='ocrx_word' id='word_1_343' title='bbox 665 3401 768 3450; x_wconf 86' lang='lat' dir='ltr'>here-</span> <span class='ocrx_word' id='word_1_344' title='bbox 735 3423 767 3431; x_wconf 94' lang='lat'>-·</span> <span class='ocrx_word' id='word_1_345' title='bbox 775 3404 956 3463; x_wconf 85' lang='lat' dir='ltr'>complurium</span> 
     </span>
    </p>

    <p class='ocr_par' dir='ltr' id='par_1_8' title="bbox 665 3468 1166 3863">
     <span class='ocr_line' id='line_1_59' title="bbox 698 3468 1165 3530; baseline -0.002 -14"><span class='ocrx_word' id='word_1_346' title='bbox 698 3485 722 3530; x_wconf 86' lang='lat'>4.</span> <span class='ocrx_word' id='word_1_347' title='bbox 735 3469 847 3517; x_wconf 85' lang='lat' dir='ltr'>virilem</span> <span class='ocrx_word' id='word_1_348' title='bbox 857 3476 884 3516; x_wconf 92' lang='lat' dir='ltr'>et</span> <span class='ocrx_word' id='word_1_349' title='bbox 894 3468 1058 3526; x_wconf 87' lang='lat' dir='ltr'>oratoriam,</span> <span class='ocrx_word' id='word_1_350' title='bbox 1066 3470 1146 3516; x_wconf 85' lang='lat' dir='ltr'>wortl</span> <span class='ocrx_word' id='word_1_351' title='bbox 1138 3486 1165 3530; x_wconf 83' lang='lat' dir='ltr'>y</span> 
     </span>
     <span class='ocr_line' id='line_1_60' title="bbox 665 3505 1163 3598; baseline 0 -16"><span class='ocrx_word' id='word_1_352' title='bbox 665 3552 680 3582; x_wconf 87' lang='lat' dir='ltr'>o</span> <span class='ocrx_word' id='word_1_353' title='bbox 693 3552 754 3583; x_wconf 88' lang='lat' dir='ltr'>mon</span> <span class='ocrx_word' id='word_1_354' title='bbox 766 3537 822 3583; x_wconf 84' lang='lat' dir='ltr'>ond</span> <span class='ocrx_word' id='word_1_355' title='bbox 831 3552 865 3582; x_wconf 81' lang='lat' dir='ltr'>ort</span> <span class='ocrx_word' id='word_1_356' title='bbox 876 3542 1003 3582; x_wconf 85' lang='lat' dir='ltr'>orator.-</span> <span class='ocrx_word' id='word_1_357' title='bbox 1009 3505 1163 3598; x_wconf 82' lang='lat' dir='ltr'>corhplecti</span> 
     </span>
     <span class='ocr_line' id='line_1_61' title="bbox 666 3592 1164 3665; baseline -0.002 -15"><span class='ocrx_word' id='word_1_358' title='bbox 666 3602 842 3665; x_wconf 89' lang='lat' dir='ltr'>provincias:</span> <span class='ocrx_word' id='word_1_359' title='bbox 855 3619 886 3649; x_wconf 87' lang='lat' dir='ltr'>se.</span> <span class='ocrx_word' id='word_1_360' title='bbox 895 3592 1045 3662; x_wconf 83' lang='lat' dir='ltr'>patrocinio,</span> <span class='ocrx_word' id='word_1_361' title='bbox 1059 3618 1097 3649; x_wconf 83' lang='lat' dir='ltr'>r..e</span> <span class='ocrx_word' id='word_1_362' title='bbox 1106 3616 1164 3649; x_wconf 90' lang='lat' dir='ltr'>con-</span> 
     </span>
     <span class='ocr_line' id='line_1_62' title="bbox 665 3668 1165 3730; baseline -0.004 -14"><span class='ocrx_word' id='word_1_363' title='bbox 665 3669 755 3716; x_wconf 87' lang='lat' dir='ltr'>stitute</span> <span class='ocrx_word' id='word_1_364' title='bbox 773 3668 845 3716; x_wconf 91' lang='lat' dir='ltr'>one’s</span> <span class='ocrx_word' id='word_1_365' title='bbox 861 3668 911 3716; x_wconf 82' lang='lat' dir='ltr'>self</span> <span class='ocrx_word' id='word_1_366' title='bbox 929 3668 972 3716; x_wconf 90' lang='lat' dir='ltr'>the</span> <span class='ocrx_word' id='word_1_367' title='bbox 991 3676 1124 3730; x_wconf 88' lang='lat' dir='ltr'>protector</span> <span class='ocrx_word' id='word_1_368' title='bbox 1136 3668 1165 3714; x_wconf 85' lang='lat' dir='ltr'>ol</span> 
     </span>
     <span class='ocr_line' id='line_1_63' title="bbox 666 3735 1166 3796; baseline 0 -14"><span class='ocrx_word' id='word_1_369' title='bbox 666 3735 732 3782; x_wconf 90' lang='lat' dir='ltr'>their</span> <span class='ocrx_word' id='word_1_370' title='bbox 743 3735 997 3783; x_wconf 69' lang='lat' dir='ltr'>intereos-urbis:</span> <span class='ocrx_word' id='word_1_371' title='bbox 1010 3735 1166 3796; x_wconf 72' lang='lat' dir='ltr'>throughout</span> 
     </span>
     <span class='ocr_line' id='line_1_64' title="bbox 665 3799 1162 3863; baseline 0 -15"><span class='ocrx_word' id='word_1_372' title='bbox 665 3802 706 3848; x_wconf 81' lang='lat' dir='ltr'>tle</span> <span class='ocrx_word' id='word_1_373' title='bbox 717 3802 772 3863; x_wconf 88' lang='lat' dir='ltr'>city.</span> <span class='ocrx_word' id='word_1_374' title='bbox 785 3801 821 3850; x_wconf 92' lang='lat' dir='ltr'>So</span> <span class='ocrx_word' id='word_1_375' title='bbox 830 3802 886 3849; x_wconf 89' lang='lat' dir='ltr'>also</span> <span class='ocrx_word' id='word_1_376' title='bbox 895 3799 1162 3863; x_wconf 82' lang='lat' dir='ltr'>imperii‚gentium.</span> 
     </span>
    </p>
   </div>
   <div class='ocr_carea' id='block_1_5' title="bbox 0 0 1328 4214">
    <p class='ocr_par' dir='ltr' id='par_1_9' title="bbox 0 0 1328 4214">
     <span class='ocr_line' id='line_1_65' title="bbox 0 0 1328 4214; baseline 0 0"><span class='ocrx_word' id='word_1_377' title='bbox 0 0 1328 4214; x_wconf 95' lang='lat' dir='ltr'> </span> 
     </span>
    </p>
   </div>
  </div>
 </body>
</html>
