2648 4214
93 306 145 351 aa.
160 306 183 367 ⁶]

387 311 575 374 DIALOGVS
601 311 650 358 DE
675 310 919 360 ORATORIBVS.

95 485 244 539 oratores
263 476 353 539 soliti
369 477 447 553 sint,
467 477 580 541 dixisti
597 478 891 560 differentiamque
909 489 1043 541 nostrae
1060 478 1144 541 desi-

95 584 169 646 diae
193 594 228 646 et
252 583 450 648 inscientiae
475 587 634 649 adversus
660 587 822 650 acerrima
846 595 879 648 et
904 586 1144 649 fecundissima

95 713 210 754 eorum
236 692 627 758 studiademonstrasti:

656 705 768 758 cetera
793 704 959 776 exspect0,
978 704 1024 768 ut,
1043 715 1142 776 quem
1178 716 1192 766 3
1228 775 1233 784 ι

94 802 136 863 ad
162 801 295 863 modum
326 822 367 864 ex
396 812 430 864 te
454 802 555 866 didici
577 802 657 885 quid
682 813 738 866 aut
764 802 812 865 illi
836 802 973 866 scierint
999 812 1056 864 aut
1081 823 1143 865 nos

95 911 293 985 nesciamus,
313 910 360 972 ita
377 910 439 973 hoc
457 931 588 993 quoque
610 932 820 992 cognoscam,
839 911 960 993 quibus
987 911 1143 973 exercita-

94 1018 243 1081 tionibus
264 1018 401 1081 iuvenes
424 1018 488 1081 iam
506 1028 540 1081 et
557 1019 666 1082 iorum
684 1018 869 1101 ingressuri
894 1019 1092 1082 confirmare
1109 1029 1142 1081 et

94 1125 183 1189 alere
201 1126 335 1209 ingenia
356 1147 415 1189 sua
438 1127 527 1189 soliti
550 1127 627 1190 sint.

678 1127 799 1209 Neque
823 1126 913 1189 enim
939 1127 1045 1189 solum
1070 1136 1142 1190 arte
1177 1150 1191 1195 4

95 1244 128 1296 et
143 1234 293 1308 scientia,
309 1234 366 1296 sed
384 1233 483 1315 longe
497 1234 603 1316 magis
616 1234 779 1315 facultate
793 1244 825 1297 et
840 1256 903 1297 usu
917 1234 1141 1317 eloquentiam

95 1341 270 1416 contineri,
288 1362 351 1404 nec
376 1351 422 1417 tu,
451 1350 541 1422 puto,
565 1343 693 1405 abnues
719 1353 752 1405 et
777 1343 812 1405 hi
836 1343 1025 1424 significare
1047 1342 1142 1405 vultu

94 1448 270 1512 videntur.’

141 1559 273 1621 Deinde
290 1579 365 1622 cum
383 1558 477 1640 Aper
494 1580 627 1641 quoque
644 1569 677 1622 et
697 1559 873 1623 Secundus
898 1560 985 1622 idem
1011 1559 1142 1623 adnuis·
1178 1580 1191 1632 5

95 1675 180 1741 sent,
201 1665 360 1728 Messalla
384 1666 478 1748 quasi
503 1687 617 1730 rursus
635 1667 816 1749 incipiens:
847 1667 1030 1750 ‘Quoniam
1047 1668 1143 1730 initia

55 1825 58 1830 .
94 1783 128 1835 et
145 1773 274 1836 semina
285 1773 410 1836 veteris
428 1772 639 1855 eloquentiae
655 1775 737 1838 satis
754 1775 1004 1838 demonstrasse
1017 1775 1139 1850 videor,

94 1882 244 1944 docendo
261 1881 383 1963 quibus
399 1881 528 1944 artibus
552 1882 681 1964 antiqui
706 1862 854 1946 oratores
880 1882 1011 1945 institui
1036 1883 1142 1946 erudi-

94 1989 188 2071 rique
206 1988 295 2052 soliti
315 1990 393 2064 sint,
412 2009 593 2072 persequar
617 2011 707 2052 nunc
731 1991 989 2053 exercitationes
1014 2011 1139 2054 eorum.
1217 1979 1220 1984 ’

96 2097 306 2180 Quamquam
325 2097 406 2178 ipsis
418 2099 546 2161 artibus
560 2098 647 2161 inest
666 2099 870 2173 exercitati0,
885 2118 948 2161 nec
965 2097 1139 2180 quisquam
1175 2107 1192 2156 6

94 2205 264 2287 percipere
287 2215 348 2280 tot,
374 2216 443 2268 tam
469 2205 668 2280 reconditas,
696 2216 763 2268 tam
789 2206 897 2268 varias
929 2226 983 2268 res
1016 2216 1138 2288 potest,

95 2313 159 2376 nisi
176 2323 213 2376 ut
227 2312 387 2376 scientiae
401 2313 584 2388 meditati0‚
600 2313 810 2376 meditationi
822 2313 973 2388 facultas
988 2313 1141 2376 facultati

92 2471 328 2529 tica—adversus,
334 2488 363 2518 as
372 2471 507 2531 contparcd
511 2472 573 2518 with
580 2487 591 2528 ;

93 2535 144 2585 this
157 2551 235 2600 usage
250 2537 335 2584 israre
342 2543 433 2598 except
443 2536 470 2584 in
476 2537 590 2585 Tacitus.

125 2617 150 2664 3.
180 2611 292 2652 cetera:
316 2601 460 2665 explained
485 2602 519 2668 by
547 2603 591 2651 the

92 2670 179 2718 clause
191 2677 222 2719 ut
235 2669 590 2732 cognoscam-iuvenes

93 2743 121 2784 et
150 2736 244 2784 iorum
271 2735 447 2798 ingressuri:
477 2735 520 2784 for
546 2735 591 2783 the

92 2803 242 2865 expression
266 2817 294 2850 as
318 2817 334 2850 a
357 2802 441 2850 whole
462 2801 494 2850 cf.
515 2816 553 2850 20.
574 2816 590 2863 4

92 2871 193 2918 iuvenes
204 2871 265 2917 etin
278 2871 333 2930 ipsa
346 2869 488 2916 sttrdtbrum
501 2870 592 2917 incude

87 2937 170 2999 positi.
207 2935 248 2984 On
273 2935 317 2984 the
341 2935 474 2997 participle
494 2950 523 2984 as
547 2935 591 2984 the

92 3003 238 3066 equivalent
257 3001 286 3050 oi
303 3017 319 3050 a
336 3002 441 3049 relative
456 3002 542 3050 clause
558 3001 590 3050 cf.

91 3082 114 3131 9.
131 3082 144 3130 7
163 3086 310 3117 mansurus.

124 3151 148 3197 4.
172 3144 233 3184 arte
255 3144 283 3183 et
304 3136 434 3195 scientia,
452 3135 590 3185 facultate

92 3209 120 3250 et
132 3217 188 3251 usu
201 3220 207 3249 ε
225 3202 429 3265 correspondlng
439 3210 467 3250 to
480 3202 590 3251 artibus

91 3267 142 3316 and
161 3269 414 3319 exercitationibus
435 3268 533 3327 above3
558 3268 590 3316 cf.

91 3351 125 3383 on
149 3336 248 3384 section
265 3335 281 3384 6
297 3335 430 3384 below.—
440 3335 589 3394 contineri,

90 3404 194 3450 consists
214 3404 249 3449 in.
258 3402 481 3465 —significaret
499 3401 591 3465 supply

91 3468 116 3517 in
128 3485 204 3518 sense
216 3484 244 3517 as
258 3468 311 3532 obj.
324 3485 349 3516 se
361 3484 412 3516 non
424 3470 542 3516 abnuere.

109 3534 589 3600 5.initiaetsemina:i.e.thetheory.

109 3604 134 3650 6.
158 3615 336 3665 quamquam
367 3601 439 3663 ipsis
470 3601 590 3660 artibus,

90 3676 151 3717 etc:
169 3668 214 3716 the
224 3666 337 3730 thought
350 3667 372 3714 is
384 3673 430 3714 not
444 3667 590 3729 altogether

90 3734 165 3790 clear,
176 3749 205 3782 as
216 3734 340 3782 Messalla
348 3731 452 3780 himself
458 3733 590 3797 presently

90 3799 202 3861 admits,·
232 3799 264 3847 ci.
283 3798 383 3848 section
403 3797 419 3847 8
440 3800 484 3848 sed
504 3801 528 3848 si
548 3800 591 3847 cui
617 3850 620 3856 ¹

643 2471 786 2518 obscuriora
821 2472 881 2519 hacc
915 2473 1043 2519 videntur.
1096 2471 1140 2520 He

642 2552 733 2585 means
749 2544 777 2584 to
793 2552 850 2601 say:
875 2537 951 2584 ‘And
968 2544 1011 2601 yet
1029 2538 1140 2599 practice

644 2603 831 2667 (exercitatio)
843 2603 872 2660 is,
885 2603 953 2651 after
964 2603 1006 2659 all,
1016 2617 1032 2650 a
1042 2610 1100 2665 part
1112 2604 1141 2651 of

642 2669 733 2734 theory
747 2669 879 2733 (artibus)
892 2687 898 2728 ;
915 2669 958 2717 for
974 2684 1009 2717 no
1026 2684 1077 2717 one
1093 2685 1140 2718 can

642 2734 802 2784 understand
828 2750 861 2783 an
891 2734 1009 2784 abstruse
1038 2735 1141 2799 subject

643 2802 829 2865 (reconditas)
848 2817 879 2850 or
899 2817 950 2851 one
973 2802 1106 2866 involving
1126 2817 1142 2850 a

642 2867 781 2917 multitude
802 2869 830 2916 oi
848 2867 941 2917 details
961 2868 1077 2931 (varias)
1098 2885 1141 2917 un·

641 2935 694 2984 less
710 2942 738 2983 to
756 2933 797 2984 his
815 2935 968 2984 theoretical
986 2934 1140 2998 knowledge

642 3001 674 3050 be
686 3000 773 3050 added
781 3001 912 3050 reflection
922 3001 1104 3065 (meditatio),
1113 3009 1141 3051 to

642 3068 774 3117 reflection
786 3083 803 3116 a
814 3076 927 3135 mastery
940 3067 969 3116 of
983 3068 1027 3116 the
1039 3067 1141 3131 subject

643 3135 798 3199 (facultas),
822 3134 874 3183 and
901 3143 929 3183 to
953 3135 1005 3183 this
1028 3142 1141 3199 mastery

641 3202 764 3265 practical
781 3202 933 3265 experience
951 3201 1053 3265 (usus).
1091 3198 1159 3250 We'

642 3268 703 3318 thus
717 3285 761 3318 see
776 3268 832 3317 that
847 3269 891 3317 the
908 3268 1033 3331 principle
1051 3268 1073 3316 is
1090 3282 1141 3317 one

642 3334 695 3384 and
704 3335 748 3385 the
758 3350 837 3392 same,
847 3335 929 3384 either
937 3333 966 3383 oi
973 3332 1141 3383 understand·

641 3402 686 3464 ing
700 3401 769 3451 what
785 3417 837 3466 you
851 3409 956 3465 present
975 3408 1003 3450 to
1020 3415 1053 3448 an
1071 3398 1141 3448 audi-

641 3483 711 3526 ence,
732 3483 763 3516 or
782 3468 811 3516 oi
830 3468 981 3531 presenting
1002 3466 1071 3515 what
1089 3481 1140 3530 you

641 3533 1001 3596 havethoughtout.'-nisi
1009 3541 1049 3591 ut,
1057 3539 1143 3594 except

643 3601 734 3663 (that),
747 3601 839 3648 unless.
875 3599 932 3648 The
950 3600 1100 3662 expression
1119 3599 1140 3647 is

640 3666 793 3730 apparently
802 3665 932 3728 elliptical,
944 3680 973 3714 aa
986 3665 1087 3728 though
1097 3665 1140 3712 for

640 3735 693 3781 nisi
708 3734 744 3780 ita
759 3739 794 3780 ut.
831 3732 867 3780 So
880 3732 936 3780 also
951 3731 1041 3791 Quint.
1054 3732 1086 3780 V.
1103 3745 1139 3779 ιο.

642 3811 670 3864 57
701 3813 843 3861 numquam
877 3798 980 3846 tolletur
1012 3814 1029 3846 a
1062 3799 1141 3860 spm'e
