2648 4214
105 312 156 357 -35,
173 304 195 364 7]
404 303 592 352 DlALOGVS
618 304 668 351 DE
693 301 937 351 ORATORIBVS.
1171 300 1203 352 65

106 475 169 537 bus
193 473 319 536 nostris
348 493 388 536 ex
414 492 453 534 eo
482 471 698 534 manifestum
724 479 784 546 est,
811 471 899 552 quod
925 492 945 533 a
971 470 1093 534 Crasso
1119 480 1152 533 et

107 581 258 645 Domitio
281 580 477 644 censoribus
502 580 645 655 cludere,
664 589 701 641 ut
726 579 771 641 ait
798 578 926 654 Cicer0,
947 578 1080 641 ‘ludum
1096 579 1154 662 im-

106 688 305 772 pudentiae’
324 689 406 752 iussi
419 697 507 752 sunt.
551 688 630 764 Sed,
645 696 681 750 ut
695 687 806 750 dicere
819 687 1039 761 institueram,
1054 688 1153 750 dedu·
1189 710 1202 743 2

107 808 228 861 cuntur
245 798 279 860 in
297 797 437 872 scholaS,
453 796 487 859 in
504 797 625 879 quibus
643 816 710 858 non
726 795 825 859 facile
842 795 981 858 dixerim
995 806 1152 859 utrumne

106 907 199 969 locus
218 906 289 988 ipse
305 927 347 968 an
365 904 584 987 condiscipuli
600 925 643 968 an
655 924 768 987 ‚genus
785 904 971 967 studiorum
985 904 1060 986 plus
1077 905 1154 967 mali

107 1015 251 1097 ingeniis
283 1014 422 1078 adierat.
476 1013 564 1076 Nam
589 1012 623 1075 in
648 1011 721 1076 loco
747 1011 829 1074 nihil
858 1012 1064 1083 reverentiae
1089 1023 1151 1088 est,
1188 1036 1203 1086 3

106 1123 140 1185 in
161 1143 260 1205 quem
287 1142 386 1184 nemo
411 1121 476 1184 nisi
500 1141 604 1204 aeque
631 1120 805 1203 imperitus
832 1119 958 1197 intrat;
984 1120 1018 1182 in
1043 1121 1154 1184 condi-

107 1230 243 1313 scipulis
261 1230 342 1292 nihil
359 1230 540 1312 proiectus,
556 1250 631 1293 cum
649 1228 743 1311 pueri
760 1228 848 1290 inter
864 1249 985 1311 pueros
999 1237 1032 1292 et
1045 1229 1154 1300 adule-

107 1338 251 1402 scentuli
268 1338 356 1401 inter
375 1337 644 1401 adulescentulos
662 1337 732 1420 pari
749 1337 929 1401 securitate
947 1346 980 1400 et
994 1337 1105 1400 dicant
1120 1347 1152 1400 et

106 1447 284 1510 audiantur
298 1468 306 1524 ;
332 1446 424 1528 ipsae
450 1466 529 1509 vero
557 1445 814 1509 exercitationes
842 1466 964 1527 magna
992 1466 1032 1507 ex
1060 1455 1153 1526 parte
1188 1467 1203 1513 4

107 1555 300 1618 contrariae.
352 1555 483 1636 Nempe
501 1554 589 1616 enim
607 1554 672 1616 duo
690 1573 813 1636 genera
830 1553 1043 1616 materiarum
1066 1554 1153 1634 apud
1179 1533 1181 1542 Α

107 1662 258 1725 rhetoras
276 1672 473 1737 tractantur,
489 1661 657 1725 suasoriae
675 1672 708 1724 et
726 1661 981 1724 controversiae.
1033 1663 1084 1723 Ex
1100 1661 1152 1724 his
1190 1682 1203 1733 5

108 1770 277 1834 suasoriae
308 1771 463 1852 quidem,
480 1780 649 1852 tamquam
678 1770 776 1852 plane
808 1769 948 1832 leviores
980 1779 1014 1832 et
1043 1769 1154 1832 minus

108 1879 304 1960 prudentiae
329 1878 512 1960 exigentes
539 1879 652 1961 pueris
677 1878 884 1960 delegantur,
908 1879 1154 1940 controversiae

108 1987 350 2050 robustioribus
373 1987 601 2069 adsignantur,
625 1986 750 2068 quales,
776 2007 836 2068 per
862 1987 971 2060 fidem,
998 1995 1031 2048 et
1055 2007 1154 2068 quam

108 2094 348 2157 incredibiliter
365 2095 591 2176 compositae!
634 2075 795 2176 Sequitur
807 2104 929 2168 autem,
946 2103 981 2155 ut
995 2094 1154 2156 materiae
1188 2102 1205 2150 6

107 2201 300 2265 abhorrenti
331 2223 350 2266 a
377 2203 520 2265 veritate
553 2201 750 2265 declamatio
782 2221 915 2283 quoque
946 2201 1151 2266 adhibeatur.

110 2309 166 2373 Sic
190 2311 227 2372 fit
242 2294 289 2373 ⁸ut
314 2310 598 2394 tyrannicidarum
623 2309 770 2392 praemia
793 2317 850 2371 aut
875 2309 1066 2372 vitiatarum
1092 2310 1155 2373 ele·
1190 2332 1203 2380 7

108 2417 237 2480 ctiones
251 2427 307 2480 aut
325 2417 538 2500 pestilentiae
555 2418 702 2481 remedia
717 2427 773 2480 aut
792 2416 921 2480 incesta
941 2427 1084 2479 matrum
1098 2430 1154 2481 aut

141 2614 165 2649 2.
195 2609 344 2651 utrumne:
372 2601 415 2651 ior
444 2611 551 2660 utrum;
580 2602 606 2650 in

108 2666 215 2715 Tacitus
227 2668 288 2732 only
300 2667 361 2717 here
373 2667 424 2716 and
437 2682 476 2733 37.
489 2684 511 2728 4.

141 2748 165 2795 3.
190 2734 246 2783 nisi
265 2748 357 2798 aeque
377 2736 545 2798 imperitus:
568 2737 605 2783 tle.

108 2799 152 2848 the
170 2800 274 2849 teacher
291 2800 383 2850 knows
399 2816 433 2849 no
452 2816 524 2851 more
542 2802 605 2850 than

109 2866 148 2914 his
165 2867 266 2929 pupils;
285 2867 366 2916 hence
383 2868 454 2916 nihil
472 2882 605 2917 reveren-

108 2934 307 2996 tiae-pueri
325 2935 399 2982 inter
417 2948 532 2998 pueros,
545 2943 605 2983 etc:

658 2603 736 2651 siae:
760 2602 805 2650 the
821 2601 919 2649 former
937 2617 1002 2649 were
1021 2601 1155 2668 hortatory

657 2669 691 2746 iu·
701 2669 840 2725 character,
854 2668 898 2716 the
916 2669 993 2716 latter
1010 2678 1155 2730 argument-

658 2743 960 2864 ειη5116101ιιεῑίοτίῑηιει
978 2803 1015 2849 tle.
1026 2800 1070 2849 the
1083 2801 1156 2850 older

657 2867 835 2932 boys—per
859 2868 964 2916 fidem:
990 2882 1024 2914 an
1045 2869 1155 2916 unusual

657 2934 728 2992 oath,
740 2933 792 2982 and
810 2935 946 2996 occurring
963 2934 1025 2998 only
1042 2933 1068 2980 in
1086 2942 1156 2996 post-

109 2999 233 3047 Messalla
250 3015 339 3049 means
358 3001 415 3049 that
432 3008 459 3049 at
476 3002 542 3050 least
561 3001 605 3050 the

108 3064 173 3130 boys
198 3064 249 3113 and
278 3066 374 3130 youths
400 3067 483 3130 might
511 3067 544 3117 be
571 3067 606 3115 in·

107 3132 224 3180 structed
253 3132 380 3194 together,
410 3149 441 3182 so
470 3134 526 3182 that
561 3134 605 3182 the

108 3213 197 3262 young
208 3198 304 3247 should
315 3200 393 3261 profit
405 3199 438 3263 by
448 3200 492 3249 the
504 3208 606 3262 greater

108 3265 259 3326 experience
294 3262 323 3312 oi
356 3265 423 3313 their
455 3266 607 3314 seniora—

109 3332 282 3380 securitate:
311 3333 349 3379 tle.
369 3331 479 3380 without
498 3333 554 3380 fear
578 3332 607 3380 of

109 3397 237 3446 criticism.
273 3397 330 3446 The
342 3405 449 3460 poorest
465 3398 542 3446 effort
555 3414 607 3447 was

108 3478 168 3512 sure
181 3463 210 3511 of
222 3464 354 3528 applause.

142 3545 167 3591 4.
191 3531 359 3588 contrariae,
375 3530 607 3593 pernicieus-in

109 3595 161 3644 this
169 3598 607 3661 sensepost-Augustan—nempe

110 3662 425 3726 enim,soraseverybody
432 3664 526 3711 knows.
551 3664 608 3712 The

109 3728 203 3790 phrase
215 3729 237 3777 is
252 3727 337 3776 found
349 3730 410 3794 only
423 3729 483 3777 here
497 3730 523 3777 in
537 3730 609 3778 Taci-

110 3802 160 3842 tus.
173 3795 368 3844 -suasoriae
393 3803 421 3844 et
446 3804 608 3845 controver-

657 3002 795 3064 Augustan
814 3001 918 3049 writers.
955 3002 991 3048 So
1011 3001 1078 3049 Petr.
1095 3014 1154 3059 1003

650 3068 784 3130 'Apuleius
797 3069 857 3115 Met.
871 3068 918 3115 Vl.
934 3079 961 3126 17
966 3079 987 3130 5.

690 3137 715 3182 6.
739 3134 928 3187 declamatio:
946 3135 982 3180 i.e.
1000 3148 1016 3180 a
1031 3132 1156 3180 declama-

658 3209 716 3265 tory
727 3200 793 3265 style
806 3198 835 3248 oi
847 3199 966 3264 delivery.

690 3281 714 3330 7.
739 3267 781 3316 sic
805 3267 835 3314 lit
856 3274 888 3315 ut
911 3266 1155 3326 tyrannicidarum

658 3333 795 3396 praemia,
814 3340 880 3380 ete:
905 3332 1036 3394 examples
1059 3331 1089 3379 of
1112 3332 1156 3378 the

657 3399 773 3462 subjects
808 3399 891 3447 which
930 3398 973 3446 the
1006 3398 1093 3460 pupils
1127 3397 1156 3444 of

658 3464 702 3514 the
723 3466 833 3513 rhetores
853 3480 919 3513 were
939 3472 1010 3512 wont
1031 3472 1058 3511 to
1082 3471 1155 3512 treat.

659 3531 733 3580 Thus
757 3531 818 3596 they
839 3530 974 3579 discussed
998 3530 1042 3578 the
1062 3546 1157 3592 proper

659 3597 756 3646 reward
775 3606 802 3646 to
820 3597 853 3645 be
870 3596 1003 3645 bestowed
1016 3613 1086 3659 upon
1103 3596 1156 3644 him

659 3664 717 3712 who
752 3663 804 3712 had
839 3662 977 3711 murdered
1006 3678 1022 3710 a
1051 3670 1156 3727 tyrant3

659 3730 775 3778 whether
786 3746 802 3778 a
811 3729 933 3778 ravished
945 3728 1048 3776 maiden
1061 3728 1156 3777 should

658 3796 744 3859 prefer
753 3796 831 3845 death
841 3811 870 3844 or
880 3795 1006 3858 marriage
1017 3813 1023 3856 3
1042 3794 1157 3843 whether
