2648 4214
464 319 490 366 P.
512 318 692 367 CORNELII
718 317 846 366 TACITI

1104 315 1150 374 [aa.
1167 331 1210 360 10-

116 508 141 543 11
162 486 359 561 offenderet,
379 485 407 548 si
429 506 552 567 paucos
570 485 801 567 excerpsisset.
854 485 988 567 Quotus
1011 485 1100 548 enim
1120 486 1208 568 quis-

162 614 227 677 que
251 592 526 657 scholasticorum
556 614 623 656 non
656 593 718 656 hac
744 613 803 656 sua
830 592 1046 684 persuasione
1074 593 1206 669 fruitur,

163 712 199 767 ut
217 723 253 766 se
269 711 349 765 ante
366 701 561 765 Ciceronem
580 712 743 777 numeret,
763 701 826 763 etsi
844 703 941 782 plane
958 711 1033 784 post
1053 701 1208 784 Gabinia-

162 812 266 874 num?
326 810 375 872 At
405 830 467 892 ego
496 831 564 873 non
589 811 729 873 verebor
755 810 926 873 nominare
953 812 1112 892 singulos
1140 833 1207 894 quo

161 918 293 983 facilius
320 918 499 1000 propositis
529 919 689 999 exemplis
717 928 873 999 appareat
900 919 1020 1000 quibus
1049 919 1208 1000 gradibus

162 1027 268 1090 fracta
284 1026 327 1089 sit
345 1035 378 1088 et
396 1027 568 1089 deminuta
585 1026 795 1109 eloquentia’

112 1133 150 1196 27
212 1135 274 1196 <At
299 1133 415 1215 parce’
442 1133 551 1216 inquit
577 1136 764 1227 Maternus!
781 1145 831 1197 ‘et
850 1135 961 1216 potius
984 1135 1116 1198 exsolve
1136 1157 1208 1217 pro·
1252 1217 1255 1225 1

162 1242 311 1306 missum.
362 1242 482 1324 Neque
511 1243 599 1304 enim
625 1243 688 1306 hoc
714 1242 826 1329 cql-ljgi
850 1244 1087 1317 desideramus,
1106 1244 1208 1306 diser·
1251 1286 1255 1291 -

162 1342 265 1413 tiores
281 1370 357 1413 esse
373 1350 539 1432 antiquos,
558 1351 646 1432 quod
663 1351 750 1431 apud
768 1370 821 1412 me
838 1350 971 1432 quidem
995 1350 1028 1410 in
1051 1351 1208 1414 confesso
1231 1416 1255 1429 .,

161 1467 223 1533 est,
252 1459 311 1520 sed
337 1478 453 1521 causas
482 1458 696 1540 exquirimus,
724 1479 807 1540 quas
834 1468 868 1519 te
897 1458 1032 1520 solitum
1061 1466 1248 1560 tractarexQ

162 1565 284 1641 dixisti,
303 1565 401 1647 paulo
428 1575 506 1628 ante
530 1566 628 1647 plane
653 1566 764 1628 mitior
789 1575 822 1628 et
848 1566 1056 1648 eloquentiae
1081 1574 1208 1647 tempo-

162 1695 234 1737 rum
252 1683 441 1737 nostrorum
460 1674 570 1737 minus
588 1675 701 1748 iratus
721 1684 900 1756 antequam
925 1683 959 1735 te
984 1674 1078 1754 Aper
1102 1675 1209 1737 oflen-

162 1783 255 1844 deret
272 1782 414 1845 maiores
431 1791 507 1845 tuos
524 1781 740 1852 lacessendo.'

112 1913 126 1946 2
210 1891 310 1954 ‘Non
327 1889 420 1953 sum'
445 1891 552 1973 inquit
578 1892 745 1953 ‘offensus
769 1891 855 1970 Apri
878 1891 944 1951 mei
968 1891 1205 1970 disputatione,

161 2019 223 2063 nec
251 2019 311 2062 vos
339 1998 467 2061 offendi
495 1999 637 2073 decebit,
668 1998 696 2060 si
725 1999 804 2081 quid
832 1999 920 2060 forte
952 2019 1048 2061 aures
1076 2008 1207 2062 vestras

161 2106 374 2189 perstringat,
396 2088 472 2169 cum
490 2106 603 2170 sciatis
621 2108 705 2169 hanc
724 2127 799 2188 esse
816 2107 887 2168 eius
905 2107 994 2168 modi
1014 2127 1207 2170 sermonum

161 2216 279 2297 legem,
297 2214 454 2277 iudicium
473 2215 575 2276 animi
592 2215 675 2277 citra
691 2216 849 2276 damnum
867 2215 1019 2277 adfectus
1033 2215 1206 2295 proferre!

111 2346 126 2396 3
209 2321 351 2404 ‘Perge'
379 2312 487 2405 inquit
509 2324 685 2385 Maternus
712 2332 857 2384 ‘etcum
875 2323 915 2384 de
933 2322 1078 2405 antiquis
1096 2322 1208 2405 loqua-

161 2431 215 2506 riS,
235 2439 330 2493 utere
346 2430 484 2513 antiqua
500 2430 665 2506 libertate,
684 2451 704 2492 a
720 2452 785 2512 qua
801 2430 854 2519 vel
871 2431 977 2512 magis
994 2431 1208 2512 degeneravi-

164 2559 237 2601 mus
255 2536 353 2620 qua‘m
370 2539 412 2601 ab
429 2538 640 2620 eloquentia’

160 2680 205 2728 the
216 2679 394 2728 construction
406 2695 435 2728 as
448 2679 473 2727 in
489 2679 525 2727 18.
535 2694 562 2739 4;
583 2694 621 2744 23·
634 2695 655 2727 2.

159 2745 223 2794 -si
246 2759 356 2809 paucos
380 2746 591 2808 excerpsisset:
618 2750 656 2812 tle:

159 2812 180 2860 if
198 2812 231 2860 he
249 2811 344 2860 should
364 2811 446 2873 single
467 2819 513 2860 out
532 2812 612 2860 aiew
629 2820 656 2860 to

160 2879 251 2942 praise.

195 2959 233 2993 11.
258 2945 519 2994 scholasticorum:
545 2945 606 2993 here
629 2946 658 2993 oi

160 3012 205 3060 the
223 3012 339 3060 teachers
358 3011 387 3058 oi
404 3011 524 3069 rhetoric,
540 3027 569 3060 as
587 3027 658 3075 regu·

159 3079 230 3143 larly.
261 3080 313 3126 For
322 3094 338 3126 a
347 3076 468 3126 different
479 3094 525 3127 use
534 3094 577 3127 see
587 3091 624 3142 15.
635 3091 656 3142 5.

159 3148 397 3209 -persuasione,
411 3147 504 3202 notion,
521 3144 657 3208 explained

159 3211 193 3276 by
210 3220 242 3261 ut
265 3219 407 3261 numeret.
448 3211 513 3260 This
533 3227 609 3260 sense
629 3211 658 3259 of

160 3278 204 3326 the
233 3278 304 3326 word
338 3278 360 3327 is
395 3279 658 3341 post-Augustan—

160 3345 216 3393 etsi
244 3345 329 3409 plane
356 3353 423 3408 post
452 3346 657 3394 Gabinianum:

161 3411 219 3459 Sex.
227 3412 310 3471 Julius
319 3411 479 3460 Gabinianus
489 3427 541 3460 was
549 3427 565 3458 a
572 3412 657 3459 native

159 3471 189 3525 oi
207 3478 281 3535 Gaul,
302 3477 354 3526 and
371 3478 475 3527 famous
493 3494 522 3526 as
540 3493 556 3525 a
573 3478 657 3526 rheto-

160 3544 237 3593 rician
260 3545 287 3593 in
306 3545 350 3593 the
368 3545 439 3608 reign
458 3545 486 3594 of
504 3544 655 3607 Vespasian.

160 3611 217 3660 The
246 3627 367 3660 common
403 3612 521 3661 estimate
553 3611 582 3659 of
615 3611 656 3658 his

160 3677 248 3726 merits
265 3678 291 3726 in
310 3677 361 3727 this
379 3693 427 3741 age
443 3694 528 3727 seems
546 3685 573 3725 to
590 3677 656 3726 have

160 3742 225 3792 been
237 3760 267 3792 as
284 3744 360 3792 much
380 3752 426 3792 too
438 3743 499 3807 high
512 3759 541 3792 as
559 3743 617 3792 that
628 3743 658 3791 of

161 3809 252 3859 Cicero
266 3825 317 3860 was
330 3819 376 3860 too
388 3811 446 3860 low.

741 2676 785 2737 27.
811 2693 911 2742 parce:
929 2695 964 2727 sc.
975 2680 1108 2731 nominare
1122 2681 1208 2743 singu-

708 2749 794 2794 los.-
805 2747 910 2808 colligi,
935 2753 959 2793 to
981 2747 1007 2793 be
1029 2747 1166 2794 shown-
1176 2747 1206 2795 in

709 2813 845 2861 confesso
875 2820 941 2860 est:
970 2827 999 2860 as
1023 2812 1049 2859 in
1074 2824 1111 2876 25.
1142 2826 1208 2859 2.—

709 2888 737 2927 te
751 2879 868 2927 solitum
885 2886 1007 2926 tractare
1025 2879 1139 2926 dixisti:
1158 2879 1205 2927 viz.

708 2946 734 2993 in
754 2958 791 3009 15.
810 2945 1038 3005 4i.-maiores
1063 2952 1128 2993 tuos
1163 2945 1206 3006 (sc.

708 3013 837 3074 oratoresl:
851 3018 857 3040 ⁴
866 3012 910 3059 the
920 3019 1020 3060 orators
1029 3010 1058 3058 ol
1067 3011 1110 3058 old
1118 3012 1206 3060 whom

708 3094 759 3142 you
783 3077 902 3137 admire';
926 3078 958 3126 cf.
981 3091 1019 3142 25.
1042 3092 1055 3125 2
1076 3080 1128 3126 sive
1148 3080 1208 3126 illos

707 3146 824 3207 antiquos
836 3147 888 3193 sive
903 3147 1011 3193 maiores
1023 3146 1075 3192 sive
1090 3161 1141 3207 quo
1154 3147 1208 3193 olio

708 3213 810 3259 naeavult
824 3213 927 3260 nomine
943 3212 1056 3273 appellet.
1093 3212 1135 3259 On
1154 3212 1207 3261 this

709 3294 754 3326 use
764 3278 793 3325 of
805 3278 903 3326 tuuscf.
916 3293 953 3338 14.
964 3293 978 3342 3
988 3279 1207 3339 precaminibus

708 3361 768 3391 sues.

741 3425 765 3459 2.
783 3412 966 3474 perstringat,
971 3411 1207 3474 graecia-citra

707 3479 845 3527 damnum
870 3479 1010 3536 adlectus,
1029 3478 1137 3524 roitkout
1156 3479 1207 3526 loss

707 3545 739 3606 os
751 3546 817 3606 good
831 3546 947 3609 feeling;
974 3545 1085 3606 adfectus
1106 3544 1132 3591 in
1154 3544 1207 3594 this

707 3626 782 3659 sense
800 3611 821 3659 is
840 3613 1057 3674 post-Augustam
1101 3611 1143 3658 On
1162 3611 1207 3660 the

707 3679 916 3740 post-Augustan
926 3677 1008 3726 use-of
1019 3679 1083 3725 citra
1092 3676 1135 3725 ior
1143 3678 1207 3735 sine,

708 3742 739 3791 cf.
748 3757 787 3803 41.
796 3744 811 3792 8
819 3746 883 3791 citra
892 3745 1087 3792 obtrectationem
1090 3759 1102 3800 ;
1115 3745 1180 3806 Agr.
1194 3758 1204 3792 1

707 3811 866 3874 citrafidem.
