2648 4214
120 300 122 306 ’
149 323 181 372 22
501 326 528 372 Ρ.
551 325 731 374 conunuu
755 325 884 372 rncrrr
1154 319 1202 386 [ra.
1218 335 1250 365 2-

111 523 119 542 ·
199 490 299 554 nullis
317 500 471 554 contacta
487 491 577 554 vitiis
594 502 731 573 pectora
743 491 873 554 influxit
890 513 898 568 ;
925 492 972 554 sic
990 491 1122 555 oracula
1134 489 1248 572 loque-

150 612 164 662 3
199 598 331 662 bantur.
381 600 468 661 Nam
485 600 635 662 lucrosae
656 599 755 662 huius
777 609 810 662 et
836 599 1069 681 sanguinantis
1089 598 1247 680 eloquen-

199 706 266 769 tiae
284 727 363 770 usus
381 715 548 776 recenset
567 727 607 770 ex
623 707 718 770 malis
736 707 884 770 moribus
907 717 1006 770 natus
1024 715 1133 788 atque,
1153 716 1189 767 ut
1207 714 1246 769 tu

149 837 165 882 4
199 814 342 889 dicebas,
365 815 468 896 Aper,
493 815 526 876 in
551 815 660 878 locum
685 815 744 877 teli
769 813 961 896 repertuS.¹‘
982 815 1140 877 Ceterum
1165 813 1247 876 felix

199 921 280 984 illud
307 931 350 998 et,
378 931 415 985 ut
441 943 532 985 more
559 932 674 986 nostro
701 923 824 1004 loquar,
851 942 987 985 aureum
1015 922 1183 985 saeculum
1211 931 1245 984 et

200 1039 366 1092 oratorum
396 1039 429 1093 et
457 1030 633 1094 criminum
661 1030 758 1111 inops
787 1031 896 1111 poetis
923 1038 956 1092 et
982 1029 1115 1103 vatibus
1143 1030 1246 1092 abun-

199 1138 309 1213 dabat,
327 1138 384 1220 qui
408 1139 495 1201 bene
519 1139 608 1202 facta
633 1146 800 1213 canerent,
820 1159 887 1200 non
910 1137 967 1219 qui
991 1137 1076 1200 male
1100 1137 1246 1200 admissa

152 1263 165 1317 5
200 1245 429 1308 defenderent.
481 1246 553 1309 Nec
577 1246 653 1308 ullis
669 1254 726 1308 aut
743 1245 849 1327 gloria
868 1246 973 1307 maior
992 1254 1050 1308 aut
1072 1245 1246 1326 augustior

200 1352 315 1428 honor,
343 1353 486 1434 primum
512 1355 599 1435 apud
626 1354 716 1428 deoS,
743 1374 883 1435 quorum
909 1353 1057 1434 proferre
1084 1373 1246 1434 responsa
1295 1384 1296 1387 ¹

200 1469 232 1523 et
262 1460 427 1524 interesse
455 1461 562 1542 epulis
590 1461 795 1536 ferebantur,
822 1461 943 1524 deinde
968 1462 1055 1542 apud
1082 1460 1154 1523 illos
1181 1460 1245 1524 diis

200 1569 333 1650 genitos
345 1589 523 1651 sacrosque
535 1590 640 1651 reges,
653 1569 740 1632 inter
753 1590 837 1651 quos
851 1569 1017 1631 neminem
1030 1568 1244 1644 causidicum,

200 1677 258 1739 sed
284 1676 421 1758 Orphea
445 1687 479 1739 et
508 1677 631 1740 Linum
655 1698 703 1752 ac,
730 1677 758 1739 si
784 1677 1003 1759 introspicere
1027 1677 1126 1738 altius
1150 1676 1244 1752 velis,

150 1792 166 1842 6
201 1783 308 1866 ipsum
337 1785 530 1866 Apollinem
559 1786 759 1866 accepimus
822 1785 887 1847 Vel
919 1785 947 1847 si
980 1785 1062 1847 haec
1093 1784 1247 1847 fabulosa

199 1891 299 1955 nimis
317 1901 350 1954 ct
368 1893 553 1974 composita
569 1893 734 1968 videntur,
753 1893 834 1956 illud
854 1901 945 1955 certe
968 1892 1050 1954 mihi
1070 1892 1244 1967 concedes

201 2000 304 2082 Aper,
317 2021 384 2062 non
395 2001 557 2063 minorem
572 2001 732 2063 honorem
747 2000 896 2063 Homero
910 2021 1011 2090 qua-m
1024 2000 1247 2090 Demostheni

198 2109 285 2190 apud
302 2118 463 2190 posteros,
483 2101 544 2171 nec
561 2108 812 2190 angustioribus
834 2108 988 2170 terminis
1007 2108 1130 2195 famam
1152 2107 1246 2170 Euri·

198 2214 284 2296 pidis
301 2227 358 2278 aut
377 2194 552 2297 Sophoclis
569 2237 667 2298 quam
688 2216 810 2301 Lysiae
827 2226 883 2278 aut
909 2215 1091 2300 Hyperidis
1109 2215 1244 2279 includi.

198 2422 297 2486 loosely
305 2429 333 2470 to
343 2423 429 2484 poetic
436 2421 511 2470 form.
537 2422 694 2470 Matemus's

197 2488 272 2550 point
295 2488 316 2536 is
340 2487 396 2537 that
425 2489 587 2550 eloquentia
611 2489 694 2550 began

198 2554 259 2602 with
282 2562 387 2619 poetry;
417 2555 517 2603 habitu
541 2554 592 2602 and
617 2555 694 2604 cultu

197 2636 240 2669 are
258 2620 370 2668 ablative
388 2620 418 2668 of
434 2621 533 2685 quality
549 2620 695 2685 modiiying

198 2686 242 2735 the
260 2686 370 2735 omitted
388 2687 455 2750 subj.
469 2688 498 2734 oi
516 2687 635 2745 influxit,
649 2689 694 2734 elo-

198 2756 308 2817 quentia,
322 2753 404 2801 which
417 2754 438 2801 is
451 2755 512 2802 here
528 2754 693 2816 personified.

197 2821 383 2868 -commoda
394 2819 573 2878 mortalibus,
584 2822 612 2867 iu
622 2822 694 2868 kind-

198 2902 253 2933 ness
265 2893 289 2933 to
301 2888 406 2934 mortals
414 2903 425 2944 ,·
443 2887 475 2934 ci.
487 2887 552 2951 Livy
565 2887 692 2946 XXXIV.

198 2954 694 3081 ioieiillaeiiiiii·‘iiiiiiie‘i'iiiss

198 3102 242 3133 nec
259 3088 327 3134 ullis.
365 3087 400 3134 So
419 3087 475 3134 also
495 3087 532 3134 28.
545 3101 561 3148 9
575 3094 599 3133 et
615 3087 695 3133 uzellis

197 3154 371 3214 pravitatibus
393 3155 508 3209 detorta;
532 3155 596 3215 Agr.
620 3153 651 3200 16
672 3159 697 3199 et

198 3220 280 3267 nullis
299 3220 394 3266 delictis
415 3221 564 3267 invisus.-
576 3219 633 3267 sic:
657 3220 694 3267 i.e.

197 3285 223 3332 in
241 3285 327 3348 poetic
343 3285 420 3333 form.

231 3367 255 3412 3.
279 3352 382 3400 huius:
404 3352 432 3398 oi
451 3352 495 3400 the
515 3359 620 3415 present
637 3351 694 3416 day.

197 3418 452 3480 —sanguinantis:
481 3419 543 3466 with
564 3418 695 3466 reference

198 3492 225 3532 to
236 3484 280 3532 the
291 3483 389 3547 bloody
401 3484 472 3532 work
486 3485 514 3532 oi
533 3485 577 3533 the
591 3484 696 3532 inform·

197 3566 246 3599 ers.
276 3550 333 3597 The
341 3549 412 3598 word
424 3566 516 3599 occurs
529 3552 590 3616 only
600 3552 660 3598 here
670 3551 695 3598 in

197 3616 250 3732 thig
267 3625 429 3665 sense—ut
447 3625 478 3666 tu
497 3617 630 3666 dicebas:
652 3632 696 3665 see

199 3696 212 3748 5

198 3817 287 3873 haud,
309 3814 373 3864 used
390 3815 585 3881 adversatively.

159 3737 177 3800 ὅ
230 3766 255 3811 4.
281 3756 419 3807 ceterum,
441 3750 484 3796 but
508 3766 539 3796 on
564 3750 605 3798 the
627 3750 699 3797 other

779 2435 803 2484 5.
828 2422 970 2470 interesse
989 2422 1096 2484 epulis:
1117 2436 1152 2469 no
1170 2420 1247 2470 other

745 2489 848 2536 ancient
861 2489 945 2536 writer
959 2488 1059 2536 alludes
1077 2497 1104 2536 to
1119 2503 1170 2551 any
1181 2488 1245 2535 such

745 2554 903 2603 association
922 2555 952 2602 of
968 2555 1035 2617 gods
1054 2553 1105 2602 and
1123 2561 1246 2615 poete-

746 2623 820 2669 inter
832 2636 915 2684 quos,
923 2622 1059 2668 associated
1068 2621 1129 2669 with
1140 2620 1222 2667 arbom
1233 2636 1244 2677 ;

745 2688 838 2752 supply
845 2689 938 2751 fuisse.
974 2688 1082 2735 Tacitus
1094 2687 1244 2735 sometimes

745 2754 823 2802 omits
841 2753 885 2801 the
903 2754 948 2801 ini.
962 2754 1022 2801 with
1041 2755 1151 2814 accipere
1168 2754 1243 2800 when

745 2820 810 2869 used
823 2821 848 2868 in
867 2821 919 2869 this
931 2836 1023 2877 sense;
1045 2820 1077 2868 cf.
1091 2834 1129 2878 40.
1143 2833 1158 2882 3
1170 2835 1244 2882 quem

744 2889 811 2936 euim
847 2895 969 2935 oratorem
1005 2888 1241 2943 Lacedaemonium,

744 2970 817 3016 quem
827 2956 975 3021 nCretensem
991 2953 1242 3014 accepimus?—ne·

746 3020 853 3069 minem
860 3021 1001 3067 :rotellum
1007 3035 1019 3076 ;
1031 3020 1058 3067 in
1068 3018 1175 3067 Tacitus
1182 3019 1245 3083 only

745 3086 791 3134 her
843 3085 879 3133 nd
896 3086 1009 3149 perhaps
1029 3099 1065 3149 15·
1087 3099 1096 3132 1
1115 3086 1241 3132 neminem

745 3169 803 3219 oro,
871 3188 877 3198 .
912 3153 969 3200 The
981 3167 1052 3200 same
1065 3167 1110 3200 use
1122 3151 1144 3200 is
1158 3150 1243 3198 found

745 3235 762 3266 a
781 3219 792 3265 f
854 3220 929 3268 times
952 3220 1008 3267 also
1031 3219 1057 3266 in
1082 3219 1181 3274 Cicero,
1199 3234 1243 3280 og.

748 3288 807 3333 Not.
850 3321 855 3332 .
873 3287 907 3333 ΙΙ.
926 3285 955 3334 81
976 3302 1049 3334 tremo
1065 3286 1150 3348 opifex
1163 3286 1245 3346 possit

745 3354 863 3414 consequi
881 3353 1055 3401 imitanda—
1064 3352 1185 3414 Linum:
1210 3366 1243 3398 arr

746 3418 815 3482 early
826 3418 890 3466 bard
902 3428 949 3481 put
962 3426 989 3467 to
1002 3417 1081 3467 death
1094 3418 1127 3482 by
1139 3417 1244 3479 Apollo,

746 3484 806 3532 with
825 3486 911 3533 whom
931 3485 964 3533 he
984 3484 1037 3534 had
1056 3483 1196 3548 presumed
1216 3491 1245 3532 to

747 3566 846 3613 engage
869 3552 895 3599 in
919 3567 935 3599 a
957 3558 1060 3599 contest
1083 3551 1112 3598 of
1137 3549 1245 3598 musical

747 3617 959 3666 skill-altius:
976 3617 1085 3681 literally
1097 3617 1194 3677 hialin,
1207 3617 1245 3662 ie.

740 3684 849 3748 fortier
856 3684 1059 3746 boch—ipsum
1067 3682 1244 3745 Apollinem:

748 3749 864 3814 possibly
881 3749 997 3811 alluding
1017 3757 1045 3797 to
1066 3747 1186 3811 Apollo's
1206 3762 1247 3796 so·

747 3816 826 3880 journ
838 3824 865 3864 at
877 3815 921 3864 the
934 3824 1008 3864 court
1020 3814 1049 3864 of
1060 3814 1196 3863 Admetus.
