2648 4214
92 333 165 392 ap
381 335 570 384 omnoovs
595 335 645 383 nu
670 336 915 385 onnronruvs.
1087 329 1090 333 ’
1171 322 1199 388 9'

94 503 185 581 suit?
235 505 311 585 Qua
335 504 504 567 accinctus
530 512 564 566 et
588 504 699 566 minax
724 504 882 567 disertam
907 504 1156 597 quidem,
1078 506 1137 568 sed

94 611 346 685 inexercitatam
364 621 397 674 et
406 581 485 711 ierus
504 612 592 674 modi
609 612 827 714 certaminum
833 603 967 703 rudem
989 612 1137 675 Helvidii

93 704 290 817 sapientiam
309 672 431 782 elusits
454 698 566 782 Plura
581 721 622 782 de
639 684 784 782 utilitate
801 708 868 781 non
885 720 968 794 dicu,
984 721 1037 784 cui
996 713 1137 815 parti
1171 736 1186 784 8

93 826 230 889 minime
248 837 364 890 contra
380 828 547 891 dicturum
566 829 756 890 Maternum
774 848 885 890 meum
903 828 1052 891 arbitror
1063 848 1112 902 rr

139 918 195 997 Ad
219 935 425 1016 voluptatem
451 936 614 998 oratoriae
639 936 849 1018 eloquentiae
873 945 1017 1011 transe0,
1044 936 1137 999 cuius
1168 935 1185 998 u

94 1043 283 1106 iucunditas
300 1064 367 1106 non
386 1065 451 1106 uno
468 1043 576 1125 aliquo
595 1054 774 1118 momento,
792 1045 850 1106 sed
868 1040 1021 1106 omnibus
1035 1065 1137 1126 prope

93 1151 211 1213 diebus
234 1173 271 1214 ac
293 1172 396 1233 prope
419 1152 574 1214 omnibus
600 1152 689 1215 horis
715 1152 890 1234 contingit.
941 1153 1030 1234 Quid
1048 1153 1136 1214 enim
1172 1181 1185 1214 2

95 1259 225 1322 dulcius
261 1259 365 1361 liberp
402 1269 435 1322 et
474 1260 618 1342 ingenuo
648 1236 765 1322 ’animo
802 1270 835 1323 et
871 1262 912 1323 ad
948 1261 1166 1342 voluptates,

94 1367 253 1429 honestas
271 1376 359 1442 nato,
379 1389 476 1449 quam
501 1369 614 1430 videre
637 1369 769 1450 plenam
787 1389 918 1450 semper
935 1378 967 1431 et
984 1369 1137 1451 frequen-

93 1485 163 1537 tem
189 1476 324 1538 domum
352 1497 444 1538 suam
474 1496 637 1539 concursu
667 1477 1010 1558 splendidissimorum
1035 1477 1137 1539 homi-

94 1584 198 1646 num?
236 1584 334 1665 idque
367 1583 451 1647 scire
484 1605 552 1646 non
585 1585 755 1665 pecuniae,
790 1606 857 1646 non
890 1585 1034 1660 orbitati,
1070 1606 1136 1647 non

94 1691 193 1754 officii
210 1691 349 1754 alicuius
366 1692 655 1767 administrationi,
675 1694 734 1755 sed
755 1693 817 1754 sibi
838 1693 902 1774 ipsi
920 1693 1013 1770 dari?
1046 1688 1135 1775 ipsos
1161 1669 1185 1766 Ι3

93 1800 173 1882 quin
187 1800 288 1861 immo
301 1801 400 1885 orbos
411 1809 444 1861 et
457 1800 641 1881 locupletes
655 1809 688 1862 et
701 1809 857 1882 potentes
870 1801 984 1863 venire
996 1800 1136 1882 plerum-

93 1928 158 1990 que
175 1908 216 1969 ad
232 1908 387 1970 iuvenem
405 1917 438 1970 et
455 1929 643 1990 pauperem,
663 1917 699 1971 ut
720 1918 776 1971 aut
798 1929 857 1970 sua
878 1917 935 1971 aut
956 1909 1136 1972 amicorum

93 2015 284 2078 discrimina
297 2017 555 2079 commendent?
592 2016 711 2078 Vllane
728 2025 823 2079 tanta
832 1998 1022 2098 ingentium
1036 2038 1135 2098 opum
1171 2039 1183 2083 4

93 2143 131 2185 ac
160 2143 300 2205 magnae
326 2124 497 2204 potentiae
530 2123 693 2205 voluptas,
720 2144 818 2206 quam
851 2134 1002 2206 spectare
1035 2124 1136 2187 homi-

94 2250 153 2292 nes
180 2241 311 2293 veteres
340 2240 373 2293 et
404 2252 501 2293 senes
528 2241 561 2293 et
579 2231 682 2294 totius
715 2233 804 2294 orbis
837 2232 944 2312 gratia
976 2232 1135 2312 subnixos

93 2339 127 2401 in
141 2359 271 2401 summa
288 2359 397 2401 rerum
411 2339 559 2401 omnium
573 2340 776 2402 abundantia
789 2341 989 2402 confitentes
1003 2340 1035 2402 id
1048 2342 1135 2421 quod

93 2496 163 2545 rious
187 2495 311 2544 informer
331 2495 413 2544 under
434 2497 513 2544 Nero.
558 2497 589 2543 In

92 2562 125 2611 66
136 2575 191 2610 Aa).
205 2562 238 2609 he
252 2561 348 2610 caused
361 2563 478 2610 Thrasea
495 2563 589 2611 Paetus

93 2635 121 2676 to
133 2628 165 2676 be
176 2636 224 2691 put
242 2636 270 2676 to
288 2627 374 2684 death,
387 2628 439 2676 and
452 2629 589 2677 Thrasea’s

92 2695 241 2750 souin-law,
265 2694 403 2743 Helvidius
428 2695 537 2751 Priscus,
560 2703 587 2742 to

92 2761 124 2810 be
133 2759 267 2809 banished.
288 2760 345 2809 The
355 2761 431 2808 latter
440 2776 512 2809 came
521 2761 587 2809 back

92 2827 160 2876 from
184 2828 249 2875 exile
271 2825 353 2875 under
374 2827 465 2884 Galba,
486 2827 537 2876 and
562 2829 587 2875 in

93 2908 125 2955 70
138 2906 193 2942 Aa).
212 2893 287 2941 made
305 2893 350 2941 the
367 2893 483 2943 fruitless
501 2894 588 2942 attack

93 2977 164 3024 upon
178 2961 316 3009 Marcellus
329 2960 443 3008 referred
460 2969 487 3009 to
506 2962 531 3009 in
545 2963 588 3010 the

93 3037 154 3076 text.
180 3028 317 3076 Marcellus
326 3028 513 3093 subsequently
522 3044 589 3076 com·

92 3095 184 3143 mitted
196 3095 294 3143 suicide
306 3103 334 3143 to
346 3096 424 3143 avoid
441 3095 485 3143 the
501 3111 589 3144 conse-

92 3179 204 3228 quences
229 3163 258 3210 of
280 3179 296 3210 a
316 3163 468 3227 conspiracy
487 3163 588 3225 against

93 3231 236 3294 Vespasian
260 3229 285 3277 in
310 3230 392 3278 which
417 3230 450 3277 he
473 3229 524 3276 had
548 3245 589 3276 en-

91 3296 412 3360 gaged-sapientiam,
428 3297 587 3358 philosophy.

93 3364 239 3419 Helvidius,
263 3363 315 3411 like
345 3364 469 3418 Thrasea,
492 3378 545 3410 was
574 3377 590 3409 a

93 3430 319 3489 Stoic-elusit,
338 3431 455 3492 parried,
480 3445 496 3477 a
521 3428 588 3477 tech-

91 3497 157 3545 nical
175 3496 337 3559 gladiatorial
356 3505 429 3545 term.

124 3561 152 3620 6.
174 3577 231 3611 non
244 3577 302 3611 uno
315 3563 410 3625 aliquo
423 3570 587 3610 momento:

91 3631 129 3677 r'.e.
153 3638 258 3692 oratory
286 3629 307 3676 is
336 3638 383 3676 not
411 3629 463 3676 like
488 3636 587 3692 poetry,

91 3695 173 3744 which
185 3695 257 3758 gives
269 3693 315 3742 but
331 3695 437 3757 passing
453 3696 585 3756 pleasure;

91 3761 123 3809 cf.
135 3775 159 3824 9.
195 3762 266 3808 Vnus
276 3761 379 3824 aliquis,
392 3768 510 3823 stronger
524 3760 587 3808 than

91 3829 135 3878 the
148 3826 240 3889 simple
249 3826 355 3885 unmis
368 3842 384 3876 a
395 3827 505 3876 lavorite
517 3827 588 3875 locu-

641 2496 696 2544 tion
714 2496 742 2543 of
760 2497 859 2553 Cicero,
877 2513 920 2558 ag.
934 2498 963 2545 de
977 2498 1025 2559 Off
1040 2497 1135 2557 11.41;

639 2564 669 2610 de
680 2564 739 2610 Fin.
751 2563 802 2610 111.
815 2562 855 2622 64.
886 2564 916 2610 ln
928 2565 1136 2625 post-Augustan

640 2629 736 2676 writers
748 2629 768 2676 it
780 2629 802 2676 is
812 2644 874 2676 rare.
882 2657 915 2664 —
923 2642 966 2687 ac,
976 2630 1032 2677 and
1039 2631 1135 2678 indeed.

671 2709 695 2743 2.
714 2695 829 2759 plenam
843 2703 871 2743 et
886 2696 1082 2758 frequentem:
1100 2712 1136 2744 re·

639 2761 762 2809 dundant.
772 2789 805 2797 -
814 2762 943 2810 orbitati:
969 2761 1085 2825 alluding
1107 2770 1135 2811 to

639 2828 683 2876 the
693 2836 794 2876 custom
804 2827 833 2875 of
841 2829 998 2891 insinuating
1007 2830 1078 2877 one's
1087 2830 1136 2878 self

639 2896 694 2943 into
712 2895 756 2943 the
774 2894 844 2957 good
862 2911 951 2957 graces
969 2895 998 2943 of
1014 2895 1136 2945 childless

639 2977 747 3024 persons
759 2961 788 3009 of
800 2961 891 3010 wealth
910 2962 951 3010 for
968 2962 1012 3010 the
1023 2978 1136 3025 purpose

640 3028 668 3076 of
685 3029 803 3090 securing
815 3044 831 3076 a
847 3029 1009 3094 legacy,—a
1024 3029 1135 3091 practice

639 3095 757 3145 satirized
769 3113 811 3158 ag.
822 3095 855 3160 by
869 3097 972 3144 Horace
984 3097 1046 3158 (Sat.
1060 3096 1095 3143 II.
1110 3097 1133 3160 5)

639 3162 689 3210 and
711 3163 818 3222 juvenal
839 3164 901 3224 (Sat.
922 3177 959 3210 12.
977 3163 1137 3226 93-130).-

640 3230 694 3278 sibi
713 3230 783 3292 ipsi:
802 3229 926 3292 referring
944 3237 971 3277 to
989 3230 1033 3277 the
1050 3229 1135 3276 indefi-

639 3296 692 3344 nite
720 3295 821 3359 subject
851 3295 880 3343 of
895 3295 1135 3343 scire—officii:

639 3362 700 3410 here
703 3363 1135 3425 publiccffce,-apost·hugustan

639 3444 714 3477 sense
726 3428 755 3475 of
768 3429 813 3476 the
825 3428 902 3476 word.

671 3510 695 3556 3.
714 3495 783 3557 quin
793 3496 896 3544 immo:
909 3495 1096 3557 post-positive,
1107 3509 1135 3542 as

639 3562 694 3609 also
707 3562 731 3608 in
745 3576 783 3626 34.
797 3562 813 3610 6
831 3562 882 3609 and
899 3576 937 3625 39.
951 3577 973 3622 4.
982 3561 1135 3609 -venirez

639 3636 758 3677 construe
771 3628 830 3676 with
845 3629 927 3676 scire.

670 3711 695 3756 4.
710 3703 824 3742 veteres
833 3703 861 3742 et
870 3709 965 3753 seneS,
974 3694 1139 3756 expericnced
1235 3753 1237 3757 ,

638 3760 681 3807 old
688 3761 885 3809 mera—orbis:
903 3778 934 3809 sc.
945 3769 1088 3815 terrarum
1102 3756 1134 3811 Cft

638 3827 702 3888 Agr.
711 3840 743 3892 30
751 3833 864 3895 raptores
872 3827 1135 3891 orbis—vimsumma
